3559 5575
367 87 612 150 Pana.
648 84 979 172 XXXV.
1121 85 1253 151 DE
1302 87 1898 156 PHANTASIA.
2393 98 2525 167 469

365 256 622 354 tigitd,
652 258 836 352 quia
862 259 1140 331 scilicet
1165 257 1576 334 instructas
1601 263 1985 337 Graiorum
2009 267 2246 361 copias
2271 267 2522 343 avibus

366 376 868 469 comparavit,
902 373 1212 471 coefum
1244 375 1511 449 ordine
1543 381 1997 454 ludentibus:

550 541 697 602 Τῶν
732 539 775 600 δ’
806 537 943 602 ὥστ’
973 539 1186 627 ὀρνίθων
1212 550 1481 619 πετεηνῶν
1512 541 1665 607 ἔθνεα
1694 550 1912 624 πολλοὶ,

554 645 795 717 Χηνῶν,
826 639 860 718 ἢ
887 643 1161 726 γεράνων,
1191 641 1225 720 ἢ
1257 643 1467 706 κύκνων
1496 644 1934 730 δουλιχοδείρων,

548 741 759 827 Ἀσίω
788 746 843 806 ἓν
872 751 1124 826 λειμῶνι,
1157 744 1480 829 Καῦστρίου
1510 748 1655 829 ἀμφὶ
1682 746 1893 834 ῥέεθρα,

543 843 749 909 Ἐνθα
778 847 876 909 καὶ
908 846 1031 910 ἔνθα
1057 856 1337 911 ποτῶνται
1367 849 1767 933 ἀγαλλόμεναι
1798 851 2162 937 πτιρῦγεσσι,

555 949 932 1034 Κλαγγηδόν
959 950 1415 1034 προκαθιζόντων,
1447 955 1747 1035 σμαραγεῖ
1771 951 1830 1015 δι’
1856 979 1918 1015 τι
1946 955 2170 1036 λιιμῶν·

539 1049 670 1125 Ὠς
703 1057 816 1114 τῶν
843 1050 994 1114 ἔθνεα
1019 1054 1214 1114 πολλοὶ
1244 1057 1371 1114 νιῶν
1400 1050 1507 1114 ἄπο
1538 1053 1635 1114 καὶ
1667 1053 1940 1117 κλισιάων

550 1154 667 1227 Ἐς
699 1153 882 1216 πεδίον
911 1152 1217 1240 προχέοντο
1248 1154 1662 1240 Σκαμάνδριον.
1907 1156 2134 1220 ILIAD.
2170 1161 2240 1221 B.
2273 1157 2423 1224 460.

370 1297 484 1369 At
546 1299 613 1370 si
673 1323 834 1372 rem
891 1299 1243 1372 attentius
1291 1300 1559 1371 intueri
1604 1301 1943 1374 voluisset
1990 1302 2321 1388 CriticuS,
2365 1328 2508 1378 non

362 1414 659 1507 justam
715 1415 836 1486 hic
886 1416 1246 1511 designari
1292 1416 1521 1487 aciem
1558 1416 1870 1501 vidisset,
1906 1418 2031 1490 sed
2069 1421 2354 1492 turbam
2401 1421 2511 1493 in-

374 1530 766 1602 conditam
803 1530 1116 1637 militum
1147 1555 1188 1602 e
1219 1531 1524 1604 navibus
1566 1543 1642 1605 et
1676 1534 2003 1606 tentoriis
2048 1534 2366 1631 undique
2415 1538 2510 1611 ad

373 1667 732 1739 campum
769 1656 1297 1740 properantem.
1870 1684 1883 1701 -

474 1762 849 1834 Nonnihil
899 1765 1035 1834 hac
1082 1763 1159 1834 in
1211 1772 1417 1856 parte
1474 1763 1874 1856 phantasiae
1923 1765 2300 1860 indulgere
2341 1765 2509 1839 Vir-

374 1876 642 1971 gilium
686 1880 949 1973 juvat:
1003 1879 1189 1951 sicut
1223 1880 1298 1951 in
1334 1878 1624 1950 Amatae
1669 1879 1940 1975 reginae
1990 1879 2195 1952 furiis
2240 1904 2508 1953 memo-

375 1993 593 2064 rabili
627 1996 974 2086 exemplo
1005 2004 1117 2066 est
1148 1995 1419 2066 factum
1446 2019 1465 2064 z

558 2115 712 2178 Ceu
740 2113 1068 2200 quondam
1097 2127 1267 2179 torto
1294 2114 1562 2180 volitans
1589 2114 1709 2181 sub
1738 2113 1997 2178 verbere
2026 2113 2237 2191 turbo,

559 2217 779 2294 Quem
810 2216 992 2303 pueri
1018 2238 1252 2303 magno
1277 2216 1341 2280 in
1371 2239 1535 2303 gyro
1564 2239 1763 2281 vacua
1789 2213 1950 2280 atria
1975 2214 2210 2281 cimam

560 2318 815 2384 Intenti
842 2318 1001 2405 ludo
1025 2333 1354 2383 exercent:
1401 2317 1505 2383 ille
1532 2334 1710 2383 actus
1738 2317 1985 2382 habena

559 2420 872 2485 Curvatis
897 2421 1104 2485 fertur
1129 2420 1378 2508 spatiis:
1427 2432 1640 2507 stupet
1668 2419 1864 2484 inscia
1891 2418 2099 2500 turba,

559 2523 1007 2610 Impubesque
1034 2545 1281 2601 manua,
1314 2522 1539 2587 mirata
1565 2521 1842 2587 volubile
1868 2520 2148 2588 buxum:

560 2626 749 2691 Dant
780 2625 1022 2690 animos
1051 2625 1279 2712 plagae.

484 2730 636 2803 Tot
670 2731 930 2825 utique
963 2732 1206 2803 animo
1238 2740 1737 2825 proponuntur
1768 2731 2137 2829 imagineS,
2171 2754 2213 2804 e
2245 2733 2501 2827 quibus

383 2840 743 2918 velocitas
774 2849 924 2918 sola
956 2858 1383 2943 argumento
1417 2844 1790 2917 convenit:

1264 2959 1421 3024 Non
1450 2981 1644 3023 cur-m
1672 2958 1937 3046 segnior
1961 2956 2071 3021 mo

556 3064 687 3127 Per
724 3061 961 3126 medias
993 3061 1178 3126 urbes
1205 3060 1440 3148 agitur,
1472 3059 1870 3148 populosque
1895 3058 2154 3123 feroces.

1878 3160 2033 3226 AEN.
2067 3161 2228 3226 v11.
2260 3163 2413 3229 378.

477 3269 847 3351 Quaedam
905 3269 1183 3340 interea
1240 3269 1521 3340 diversa
1577 3291 1863 3360 prorsus
1917 3269 2129 3360 culpa
2180 3269 2497 3339 laborare

383 3382 744 3470 novimus,
781 3385 1071 3478 quando
1100 3385 1208 3457 ita
1241 3383 1387 3457 sint
1420 3407 1533 3456 res
1566 3393 1826 3455 natura
1858 3382 2122 3455 similes
2155 3407 2241 3456 ac
2271 3384 2497 3458 ferme

383 3502 685 3590 eaedem,
723 3513 810 3575 ut
843 3504 1069 3576 altera
1101 3502 1229 3574 vix
1270 3503 1475 3575 alteri
1518 3505 1752 3574 lucem
1798 3502 2075 3576 afferat.
2176 3504 2296 3577 Sic
2341 3529 2499 3579 mu-

382 3614 629 3691 lierem
694 3621 1006 3691 Latonae
1064 3629 1192 3691 aut
1249 3619 1533 3708 Dianae,
1594 3620 1828 3692 virum
1884 3619 2202 3714 Apollini
2270 3622 2496 3695 fusim

382 3735 791 3828 comparari
839 3735 1015 3830 quid
1064 3736 1285 3809 refert
1309 3736 1344 3806 Ρ
1409 3735 1750 3832 Eleganti
1800 3759 1991 3829 saepe
2040 3760 2124 3808 ac
2175 3747 2495 3811 venustae

1110 3982 1136 4020 ἃ
1180 3982 1331 4042 Seal.
1364 3984 1523 4041 Poet.
1554 4003 1610 4061 p.
1646 3986 1779 4060 565·
