<?xml version="1.0" encoding="UTF-8"?>
<!DOCTYPE html PUBLIC "-//W3C//DTD XHTML 1.0 Transitional//EN"
    "http://www.w3.org/TR/xhtml1/DTD/xhtml1-transitional.dtd">
<html xmlns="http://www.w3.org/1999/xhtml" xml:lang="en" lang="en">
 <head>
  <title>
</title>
<meta http-equiv="Content-Type" content="text/html;charset=utf-8" />
  <meta name='ocr-system' content='tesseract 3.04.00' />
  <meta name='ocr-capabilities' content='ocr_page ocr_carea ocr_par ocr_line ocrx_word'/>
</head>
<body>
  <div class='ocr_page' id='page_1' title='image "./praelectionesac00coplgoog/praelectionesac00coplgoog_0115.png"; bbox 0 0 3559 5575; ppageno 0'>
   <div class='ocr_carea' id='block_1_1' title="bbox 466 135 1529 211">
    <p class='ocr_par' dir='ltr' id='par_1_1' title="bbox 466 135 1529 211">
     <span class='ocr_line' id='line_1_1' title="bbox 466 135 1529 211; baseline 0.005 -10"><span class='ocrx_word' id='word_1_1' title='bbox 466 139 514 211; x_wconf 81' lang='grc'><strong>98</strong></span> <span class='ocrx_word' id='word_1_2' title='bbox 813 136 939 203; x_wconf 77' lang='lat' dir='ltr'>PARS</span> <span class='ocrx_word' id='word_1_3' title='bbox 959 135 1122 202; x_wconf 75' lang='lat' dir='ltr'><strong>rama</strong></span> <span class='ocrx_word' id='word_1_4' title='bbox 1309 136 1426 204; x_wconf 78' lang='lat' dir='ltr'><strong>Fun.</strong></span> <span class='ocrx_word' id='word_1_5' title='bbox 1442 139 1529 206; x_wconf 69' lang='lat' dir='ltr'><strong>m</strong></span> 
     </span>
    </p>
   </div>
   <div class='ocr_carea' id='block_1_2' title="bbox 391 308 1527 1561">
    <p class='ocr_par' dir='ltr' id='par_1_2' title="bbox 391 308 1527 1561">
     <span class='ocr_line' id='line_1_2' title="bbox 467 308 1527 407; baseline 0 -21"><span class='ocrx_word' id='word_1_6' title='bbox 467 313 561 386; x_wconf 88' lang='lat' dir='ltr'><strong>viter</strong></span> <span class='ocrx_word' id='word_1_7' title='bbox 577 323 615 385; x_wconf 91' lang='lat' dir='ltr'><strong>et</strong></span> <span class='ocrx_word' id='word_1_8' title='bbox 631 333 698 384; x_wconf 83' lang='lat' dir='ltr'><strong>suo</strong></span> <span class='ocrx_word' id='word_1_9' title='bbox 712 331 812 382; x_wconf 83' lang='lat' dir='ltr'><strong>more</strong></span> <span class='ocrx_word' id='word_1_10' title='bbox 828 311 1004 407; x_wconf 78' lang='lat' dir='ltr'><strong>castigate</strong></span> <span class='ocrx_word' id='word_1_11' title='bbox 1016 319 1150 382; x_wconf 85' lang='lat' dir='ltr'><strong>narrat.</strong></span> <span class='ocrx_word' id='word_1_12' title='bbox 1185 308 1261 392; x_wconf 82' lang='lat' dir='ltr'><strong>Qui</strong></span> <span class='ocrx_word' id='word_1_13' title='bbox 1273 309 1318 382; x_wconf 84' lang='lat' dir='ltr'><strong>iu</strong></span> <span class='ocrx_word' id='word_1_14' title='bbox 1331 313 1443 384; x_wconf 72' lang='lat' dir='ltr'><strong>turba</strong></span> <span class='ocrx_word' id='word_1_15' title='bbox 1452 315 1527 386; x_wconf 85' lang='lat' dir='ltr'><strong>rir-</strong></span> 
     </span>
     <span class='ocr_line' id='line_1_3' title="bbox 466 413 1526 522; baseline 0.001 -20"><span class='ocrx_word' id='word_1_16' title='bbox 466 413 590 504; x_wconf 83' lang='lat' dir='ltr'><strong>tutum</strong></span> <span class='ocrx_word' id='word_1_17' title='bbox 606 448 737 519; x_wconf 87' lang='lat' dir='ltr'><strong>paucas</strong></span> <span class='ocrx_word' id='word_1_18' title='bbox 754 449 828 522; x_wconf 82' lang='lat' dir='ltr'><strong>prae</strong></span> <span class='ocrx_word' id='word_1_19' title='bbox 844 423 986 498; x_wconf 69' lang='lat' dir='ltr'><strong>carens</strong></span> <span class='ocrx_word' id='word_1_20' title='bbox 1002 423 1153 497; x_wconf 79' lang='lat' dir='ltr'><strong>mdieari</strong></span> <span class='ocrx_word' id='word_1_21' title='bbox 1171 425 1312 518; x_wconf 71' lang='lat' dir='ltr'><strong>querit,</strong></span> <span class='ocrx_word' id='word_1_22' title='bbox 1330 427 1437 500; x_wconf 85' lang='lat' dir='ltr'><strong>adeat</strong></span> <span class='ocrx_word' id='word_1_23' title='bbox 1452 429 1526 503; x_wconf 86' lang='lat' dir='ltr'><strong>iata</strong></span> 
     </span>
     <span class='ocr_line' id='line_1_4' title="bbox 467 541 1526 640; baseline 0 -23"><span class='ocrx_word' id='word_1_24' title='bbox 467 547 639 618; x_wconf 89' lang='lat' dir='ltr'><strong>coelornm</strong></span> <span class='ocrx_word' id='word_1_25' title='bbox 655 566 697 615; x_wconf 91' lang='lat' dir='ltr'><strong>ac</strong></span> <span class='ocrx_word' id='word_1_26' title='bbox 713 551 970 636; x_wconf 84' lang='lat' dir='ltr'><strong>tempestatum</strong></span> <span class='ocrx_word' id='word_1_27' title='bbox 987 541 1091 640; x_wconf 88' lang='lat' dir='ltr'><strong>signa</strong></span> <span class='ocrx_word' id='word_1_28' title='bbox 1102 563 1244 617; x_wconf 86' lang='lat' dir='ltr'><strong>summa</strong></span> <span class='ocrx_word' id='word_1_29' title='bbox 1255 553 1334 618; x_wconf 81' lang='lat' dir='ltr'><strong>arte</strong></span> <span class='ocrx_word' id='word_1_30' title='bbox 1346 554 1384 615; x_wconf 90' lang='lat' dir='ltr'><strong>et</strong></span> <span class='ocrx_word' id='word_1_31' title='bbox 1396 547 1526 639; x_wconf 83' lang='lat' dir='ltr'><strong>exqui-</strong></span> 
     </span>
     <span class='ocr_line' id='line_1_5' title="bbox 468 657 1525 756; baseline 0.002 -24"><span class='ocrx_word' id='word_1_32' title='bbox 468 660 537 733; x_wconf 87' lang='lat' dir='ltr'><strong>sita</strong></span> <span class='ocrx_word' id='word_1_33' title='bbox 558 682 679 732; x_wconf 89' lang='lat' dir='ltr'><strong>rerum</strong></span> <span class='ocrx_word' id='word_1_34' title='bbox 701 657 907 756; x_wconf 83' lang='lat' dir='ltr'><strong>cognitione</strong></span> <span class='ocrx_word' id='word_1_35' title='bbox 932 660 1124 732; x_wconf 76' lang='lat' dir='ltr'><strong>elaborata</strong></span> <span class='ocrx_word' id='word_1_36' title='bbox 1175 657 1441 738; x_wconf 74' lang='lat' dir='ltr'><strong>Verumtamen</strong></span> <span class='ocrx_word' id='word_1_37' title='bbox 1462 662 1525 734; x_wconf 89' lang='lat' dir='ltr'><strong>hie</strong></span> 
     </span>
     <span class='ocr_line' id='line_1_6' title="bbox 391 773 1523 869; baseline 0.001 -22"><span class='ocrx_word' id='word_1_38' title='bbox 391 799 394 804; x_wconf 83' lang='grc'>’</span> <span class='ocrx_word' id='word_1_39' title='bbox 468 776 585 869; x_wconf 88' lang='lat' dir='ltr'><strong>spatia</strong></span> <span class='ocrx_word' id='word_1_40' title='bbox 608 786 749 850; x_wconf 82' lang='lat' dir='ltr'><strong>naturae</strong></span> <span class='ocrx_word' id='word_1_41' title='bbox 772 773 935 868; x_wconf 77' lang='lat' dir='ltr'><strong>vulgaria</strong></span> <span class='ocrx_word' id='word_1_42' title='bbox 965 784 1002 846; x_wconf 93' lang='lat' dir='ltr'><strong>et</strong></span> <span class='ocrx_word' id='word_1_43' title='bbox 1025 784 1178 846; x_wconf 81' lang='lat' dir='ltr'><strong>externa</strong></span> <span class='ocrx_word' id='word_1_44' title='bbox 1203 785 1365 865; x_wconf 80' lang='lat' dir='ltr'><strong>peremat</strong></span> <span class='ocrx_word' id='word_1_45' title='bbox 1392 776 1523 868; x_wconf 87' lang='lat' dir='ltr'><strong>potius,</strong></span> 
     </span>
     <span class='ocr_line' id='line_1_7' title="bbox 468 890 1523 991; baseline 0.009 -27"><span class='ocrx_word' id='word_1_46' title='bbox 468 915 578 991; x_wconf 89' lang='lat' dir='ltr'><strong>quam</strong></span> <span class='ocrx_word' id='word_1_47' title='bbox 593 916 658 966; x_wconf 88' lang='lat' dir='ltr'><strong>nos</strong></span> <span class='ocrx_word' id='word_1_48' title='bbox 675 916 790 970; x_wconf 86' lang='lat' dir='ltr'><strong>manu</strong></span> <span class='ocrx_word' id='word_1_49' title='bbox 803 891 905 966; x_wconf 87' lang='lat' dir='ltr'><strong>ducit</strong></span> <span class='ocrx_word' id='word_1_50' title='bbox 922 891 971 967; x_wconf 85' lang='lat' dir='ltr'><strong>od</strong></span> <span class='ocrx_word' id='word_1_51' title='bbox 984 890 1179 970; x_wconf 72' lang='lat' dir='ltr'><strong>interiores:</strong></span> <span class='ocrx_word' id='word_1_52' title='bbox 1189 890 1310 967; x_wconf 77' lang='lat' dir='ltr'><strong>aditus</strong></span> <span class='ocrx_word' id='word_1_53' title='bbox 1331 900 1370 973; x_wconf 75' lang='lat' dir='ltr'><strong>ei</strong></span> <span class='ocrx_word' id='word_1_54' title='bbox 1385 902 1523 972; x_wconf 63' lang='lat' dir='ltr'><strong>secreto</strong></span> 
     </span>
     <span class='ocr_line' id='line_1_8' title="bbox 467 1006 1524 1102; baseline 0.002 -23"><span class='ocrx_word' id='word_1_55' title='bbox 467 1009 596 1080; x_wconf 90' lang='lat' dir='ltr'><strong>domus</strong></span> <span class='ocrx_word' id='word_1_56' title='bbox 619 1007 826 1102; x_wconf 88' lang='lat' dir='ltr'><strong>penetralia.</strong></span> <span class='ocrx_word' id='word_1_57' title='bbox 877 1007 1081 1079; x_wconf 87' lang='lat' dir='ltr'>Minoribus</span> <span class='ocrx_word' id='word_1_58' title='bbox 1105 1009 1174 1086; x_wconf 86' lang='lat' dir='ltr'><strong>hoc</strong></span> <span class='ocrx_word' id='word_1_59' title='bbox 1192 1006 1453 1092; x_wconf 48' lang='lat' dir='ltr'><strong>relictum&amp;</strong></span> <span class='ocrx_word' id='word_1_60' title='bbox 1468 1007 1524 1090; x_wconf 62' lang='lat' dir='ltr'><strong>ri.</strong></span> 
     </span>
     <span class='ocr_line' id='line_1_9' title="bbox 468 1121 1523 1217; baseline -0.002 -21"><span class='ocrx_word' id='word_1_61' title='bbox 468 1125 575 1196; x_wconf 91' lang='lat' dir='ltr'><strong>detur</strong></span> <span class='ocrx_word' id='word_1_62' title='bbox 600 1148 742 1210; x_wconf 90' lang='lat' dir='ltr'><strong>munus,</strong></span> <span class='ocrx_word' id='word_1_63' title='bbox 767 1122 908 1217; x_wconf 91' lang='lat' dir='ltr'><strong>quibus,</strong></span> <span class='ocrx_word' id='word_1_64' title='bbox 934 1130 1061 1215; x_wconf 87' lang='lat' dir='ltr'><strong>utpote</strong></span> <span class='ocrx_word' id='word_1_65' title='bbox 1089 1121 1127 1192; x_wconf 91' lang='lat' dir='ltr'><strong>in</strong></span> <span class='ocrx_word' id='word_1_66' title='bbox 1157 1131 1331 1214; x_wconf 81' lang='lat' dir='ltr'><strong>occupata</strong></span> <span class='ocrx_word' id='word_1_67' title='bbox 1359 1122 1523 1207; x_wconf 87' lang='lat' dir='ltr'><strong>materia,</strong></span> 
     </span>
     <span class='ocr_line' id='line_1_10' title="bbox 468 1237 1487 1343; baseline -0.002 -31"><span class='ocrx_word' id='word_1_68' title='bbox 468 1240 584 1313; x_wconf 86' lang='lat' dir='ltr'><strong>doctae</strong></span> <span class='ocrx_word' id='word_1_69' title='bbox 602 1238 812 1342; x_wconf 75' lang='lat' dir='ltr'><strong>imitationis</strong></span> <span class='ocrx_word' id='word_1_70' title='bbox 829 1239 907 1316; x_wconf 89' lang='lat' dir='ltr'><strong>laus</strong></span> <span class='ocrx_word' id='word_1_71' title='bbox 923 1261 997 1317; x_wconf 89' lang='lat' dir='ltr'><strong>uon</strong></span> <span class='ocrx_word' id='word_1_72' title='bbox 1013 1237 1101 1310; x_wconf 89' lang='lat' dir='ltr'><strong>alias</strong></span> <span class='ocrx_word' id='word_1_73' title='bbox 1117 1248 1211 1315; x_wconf 88' lang='lat' dir='ltr'><strong>esset</strong></span> <span class='ocrx_word' id='word_1_74' title='bbox 1226 1237 1487 1343; x_wconf 74' lang='lat' dir='ltr'><strong>consequenda.</strong></span> 
     </span>
     <span class='ocr_line' id='line_1_11' title="bbox 519 1353 1067 1451; baseline -0.004 -25"><span class='ocrx_word' id='word_1_75' title='bbox 519 1356 648 1451; x_wconf 87' lang='lat' dir='ltr'><strong>Itaque</strong></span> <span class='ocrx_word' id='word_1_76' title='bbox 664 1377 729 1450; x_wconf 89' lang='lat' dir='ltr'><strong>pro</strong></span> <span class='ocrx_word' id='word_1_77' title='bbox 746 1354 995 1436; x_wconf 82' lang='lat' dir='ltr'><strong>communibus</strong></span> <span class='ocrx_word' id='word_1_78' title='bbox 1010 1353 1067 1438; x_wconf 87' lang='lat' dir='ltr'><strong>iis,</strong></span> 
     </span>
     <span class='ocr_line' id='line_1_12' title="bbox 1073 1491 1301 1561; baseline 0.022 -5"><span class='ocrx_word' id='word_1_79' title='bbox 1073 1491 1185 1556; x_wconf 86' lang='lat' dir='ltr'><strong>Ubera</strong></span> <span class='ocrx_word' id='word_1_80' title='bbox 1197 1513 1301 1561; x_wconf 62' lang='lat' dir='ltr'><strong>venor)</strong></span> 
     </span>
    </p>
   </div>
   <div class='ocr_carea' id='block_1_3' title="bbox 554 1589 1376 1774">
    <p class='ocr_par' dir='ltr' id='par_1_3' title="bbox 554 1589 1376 1774">
     <span class='ocr_line' id='line_1_13' title="bbox 554 1589 1376 1680; baseline 0.006 -25"><span class='ocrx_word' id='word_1_81' title='bbox 554 1593 673 1665; x_wconf 74' lang='lat' dir='ltr'><strong>Laome</strong></span> <span class='ocrx_word' id='word_1_82' title='bbox 687 1589 870 1669; x_wconf 70' lang='lat' dir='ltr'><strong>dertusae,</strong></span> <span class='ocrx_word' id='word_1_83' title='bbox 882 1591 1082 1680; x_wconf 72' lang='lat' dir='ltr'><strong>pinguesque</strong></span> <span class='ocrx_word' id='word_1_84' title='bbox 1094 1592 1129 1660; x_wconf 86' lang='lat' dir='ltr'><strong>in</strong></span> <span class='ocrx_word' id='word_1_85' title='bbox 1140 1593 1282 1680; x_wconf 72' lang='lat' dir='ltr'><strong>grauina</strong></span> <span class='ocrx_word' id='word_1_86' title='bbox 1295 1591 1376 1661; x_wconf 76' lang='lat' dir='ltr'><strong>leto</strong></span> 
     </span>
     <span class='ocr_line' id='line_1_14' title="bbox 554 1690 1288 1774; baseline 0.003 -16"><span class='ocrx_word' id='word_1_87' title='bbox 554 1692 642 1759; x_wconf 81' lang='lat' dir='ltr'><strong>luter</strong></span> <span class='ocrx_word' id='word_1_88' title='bbox 654 1715 688 1758; x_wconf 85' lang='lat' dir='ltr'><strong>se</strong></span> <span class='ocrx_word' id='word_1_89' title='bbox 700 1690 839 1761; x_wconf 72' lang='lat' dir='ltr'><strong>adversis</strong></span> <span class='ocrx_word' id='word_1_90' title='bbox 852 1691 1016 1768; x_wconf 78' lang='lat' dir='ltr'><strong>luctantur</strong></span> <span class='ocrx_word' id='word_1_91' title='bbox 1029 1693 1177 1761; x_wconf 87' lang='lat' dir='ltr'><strong>oornibus</strong></span> <span class='ocrx_word' id='word_1_92' title='bbox 1191 1694 1288 1774; x_wconf 73' lang='lat' dir='ltr'><strong>haedi,</strong></span> 
     </span>
    </p>
   </div>
   <div class='ocr_carea' id='block_1_4' title="bbox 463 1822 1521 2720">
    <p class='ocr_par' dir='ltr' id='par_1_4' title="bbox 466 1822 1357 1911">
     <span class='ocr_line' id='line_1_15' title="bbox 466 1822 1357 1911; baseline 0.004 -17"><span class='ocrx_word' id='word_1_93' title='bbox 466 1831 531 1895; x_wconf 90' lang='lat' dir='ltr'><strong>aut</strong></span> <span class='ocrx_word' id='word_1_94' title='bbox 547 1822 724 1895; x_wconf 73' lang='lat' dir='ltr'><strong>similibus</strong></span> <span class='ocrx_word' id='word_1_95' title='bbox 737 1823 776 1894; x_wconf 91' lang='lat' dir='ltr'><strong>in</strong></span> <span class='ocrx_word' id='word_1_96' title='bbox 794 1823 1006 1896; x_wconf 83' lang='lat' dir='ltr'><strong>suavissimo</strong></span> <span class='ocrx_word' id='word_1_97' title='bbox 1020 1824 1181 1898; x_wconf 85' lang='lat' dir='ltr'><strong>earmine</strong></span> <span class='ocrx_word' id='word_1_98' title='bbox 1198 1825 1357 1911; x_wconf 79' lang='lat' dir='ltr'><strong>Horatii,</strong></span> 
     </span>
    </p>

    <p class='ocr_par' dir='ltr' id='par_1_5' title="bbox 595 1951 1180 2041">
     <span class='ocr_line' id='line_1_16' title="bbox 595 1951 1180 2041; baseline 0 -23"><span class='ocrx_word' id='word_1_99' title='bbox 595 1953 668 2018; x_wconf 86' lang='lat' dir='ltr'><strong>Aut</strong></span> <span class='ocrx_word' id='word_1_100' title='bbox 680 1951 714 2018; x_wconf 92' lang='lat' dir='ltr'><strong>in</strong></span> <span class='ocrx_word' id='word_1_101' title='bbox 728 1951 860 2018; x_wconf 84' lang='lat' dir='ltr'><strong>reducta</strong></span> <span class='ocrx_word' id='word_1_102' title='bbox 874 1952 956 2018; x_wconf 86' lang='lat' dir='ltr'><strong>valle</strong></span> <span class='ocrx_word' id='word_1_103' title='bbox 969 1953 1180 2041; x_wconf 83' lang='lat' dir='ltr'><strong>mugientium</strong></span> 
     </span>
    </p>

    <p class='ocr_par' dir='ltr' id='par_1_6' title="bbox 463 2057 1521 2720">
     <span class='ocr_line' id='line_1_17' title="bbox 595 2057 1071 2145; baseline -0.002 0"><span class='ocrx_word' id='word_1_104' title='bbox 595 2057 782 2145; x_wconf 77' lang='lat' dir='ltr'><strong>Prospectat</strong></span> <span class='ocrx_word' id='word_1_105' title='bbox 795 2069 935 2122; x_wconf 64' lang='lat' dir='ltr'><strong>m</strong></span> <span class='ocrx_word' id='word_1_106' title='bbox 948 2077 1071 2144; x_wconf 62' lang='lat' dir='ltr'><strong>arena,</strong></span> 
     </span>
     <span class='ocr_line' id='line_1_18' title="bbox 465 2166 1521 2262; baseline -0.001 -22"><span class='ocrx_word' id='word_1_107' title='bbox 465 2167 532 2248; x_wconf 80' lang='lat' dir='ltr'><strong>ubi</strong></span> <span class='ocrx_word' id='word_1_108' title='bbox 555 2169 646 2242; x_wconf 80' lang='lat' dir='ltr'><strong>nihil</strong></span> <span class='ocrx_word' id='word_1_109' title='bbox 671 2169 742 2242; x_wconf 88' lang='lat' dir='ltr'><strong>nisi</strong></span> <span class='ocrx_word' id='word_1_110' title='bbox 768 2170 919 2242; x_wconf 77' lang='lat' dir='ltr'><strong>confrrsa</strong></span> <span class='ocrx_word' id='word_1_111' title='bbox 942 2168 1110 2262; x_wconf 71' lang='lat' dir='ltr'><strong>quedam</strong></span> <span class='ocrx_word' id='word_1_112' title='bbox 1136 2178 1176 2241; x_wconf 82' lang='lat' dir='ltr'><strong>et</strong></span> <span class='ocrx_word' id='word_1_113' title='bbox 1202 2167 1291 2243; x_wconf 78' lang='lat' dir='ltr'><strong>satis</strong></span> <span class='ocrx_word' id='word_1_114' title='bbox 1314 2176 1408 2248; x_wconf 75' lang='lat' dir='ltr'><strong>notu</strong></span> <span class='ocrx_word' id='word_1_115' title='bbox 1427 2166 1521 2239; x_wconf 78' lang='lat' dir='ltr'><strong>refe·</strong></span> 
     </span>
     <span class='ocr_line' id='line_1_19' title="bbox 463 2283 1521 2378; baseline -0.001 -22"><span class='ocrx_word' id='word_1_116' title='bbox 463 2295 605 2370; x_wconf 89' lang='lat' dir='ltr'><strong>runtur,</strong></span> <span class='ocrx_word' id='word_1_117' title='bbox 621 2286 661 2357; x_wconf 89' lang='lat' dir='ltr'><strong>hi</strong></span> <span class='ocrx_word' id='word_1_118' title='bbox 685 2297 813 2358; x_wconf 81' lang='lat' dir='ltr'><strong>contra</strong></span> <span class='ocrx_word' id='word_1_119' title='bbox 839 2285 1018 2360; x_wconf 81' lang='lat' dir='ltr'><strong>attentius</strong></span> <span class='ocrx_word' id='word_1_120' title='bbox 1038 2307 1116 2357; x_wconf 86' lang='lat' dir='ltr'><strong>rom</strong></span> <span class='ocrx_word' id='word_1_121' title='bbox 1140 2283 1407 2378; x_wconf 83' lang='lat' dir='ltr'><strong>introspiciunt,</strong></span> <span class='ocrx_word' id='word_1_122' title='bbox 1429 2293 1471 2362; x_wconf 83' lang='lat' dir='ltr'><strong>et</strong></span> <span class='ocrx_word' id='word_1_123' title='bbox 1486 2283 1521 2355; x_wconf 81' lang='lat' dir='ltr'><strong>si</strong></span> 
     </span>
     <span class='ocr_line' id='line_1_20' title="bbox 464 2398 1521 2494; baseline 0.002 -25"><span class='ocrx_word' id='word_1_124' title='bbox 464 2419 537 2492; x_wconf 92' lang='lat' dir='ltr'><strong>qua</strong></span> <span class='ocrx_word' id='word_1_125' title='bbox 558 2409 645 2470; x_wconf 83' lang='lat' dir='ltr'><strong>sunt</strong></span> <span class='ocrx_word' id='word_1_126' title='bbox 660 2400 886 2494; x_wconf 84' lang='lat' dir='ltr'><strong>aliquantum</strong></span> <span class='ocrx_word' id='word_1_127' title='bbox 906 2422 929 2470; x_wconf 87' lang='lat' dir='ltr'><strong>a</strong></span> <span class='ocrx_word' id='word_1_128' title='bbox 945 2399 1025 2471; x_wconf 83' lang='lat' dir='ltr'><strong>visu</strong></span> <span class='ocrx_word' id='word_1_129' title='bbox 1041 2399 1257 2484; x_wconf 79' lang='lat' dir='ltr'><strong>recedentia,</strong></span> <span class='ocrx_word' id='word_1_130' title='bbox 1273 2401 1355 2470; x_wconf 77' lang='lat' dir='ltr'><strong>liaee</strong></span> <span class='ocrx_word' id='word_1_131' title='bbox 1369 2398 1521 2471; x_wconf 74' lang='lat' dir='ltr'><strong>eliciunt</strong></span> 
     </span>
     <span class='ocr_line' id='line_1_21' title="bbox 464 2511 1518 2604; baseline 0 -20"><span class='ocrx_word' id='word_1_132' title='bbox 464 2511 587 2584; x_wconf 85' lang='lat' dir='ltr'><strong>sedulo</strong></span> <span class='ocrx_word' id='word_1_133' title='bbox 604 2522 641 2584; x_wconf 90' lang='lat' dir='ltr'><strong>et</strong></span> <span class='ocrx_word' id='word_1_134' title='bbox 657 2511 695 2580; x_wconf 90' lang='lat' dir='ltr'><strong>in</strong></span> <span class='ocrx_word' id='word_1_135' title='bbox 712 2513 830 2583; x_wconf 84' lang='lat' dir='ltr'><strong>lucem</strong></span> <span class='ocrx_word' id='word_1_136' title='bbox 852 2524 1077 2604; x_wconf 80' lang='lat' dir='ltr'><strong>promovent.</strong></span> <span class='ocrx_word' id='word_1_137' title='bbox 1127 2513 1259 2597; x_wconf 86' lang='lat' dir='ltr'><strong>Qualia</strong></span> <span class='ocrx_word' id='word_1_138' title='bbox 1281 2523 1372 2586; x_wconf 82' lang='lat' dir='ltr'><strong>sunt</strong></span> <span class='ocrx_word' id='word_1_139' title='bbox 1391 2513 1457 2597; x_wconf 79' lang='lat' dir='ltr'><strong>illa-</strong></span> <span class='ocrx_word' id='word_1_140' title='bbox 1477 2512 1518 2584; x_wconf 85' lang='lat' dir='ltr'><strong>in</strong></span> 
     </span>
     <span class='ocr_line' id='line_1_22' title="bbox 463 2625 1003 2720; baseline 0.002 -22"><span class='ocrx_word' id='word_1_141' title='bbox 463 2625 602 2699; x_wconf 88' lang='lat' dir='ltr'><strong>decimo</strong></span> <span class='ocrx_word' id='word_1_142' title='bbox 619 2625 746 2720; x_wconf 89' lang='lat' dir='ltr'><strong>quinto</strong></span> <span class='ocrx_word' id='word_1_143' title='bbox 763 2625 1003 2699; x_wconf 88' lang='lat' dir='ltr'><strong>Punicorum:</strong></span> 
     </span>
    </p>
   </div>
   <div class='ocr_carea' id='block_1_5' title="bbox 547 2788 1385 3293">
    <p class='ocr_par' dir='ltr' id='par_1_7' title="bbox 547 2788 1385 3293">
     <span class='ocr_line' id='line_1_23' title="bbox 1024 2788 1289 2877; baseline 0.008 -25"><span class='ocrx_word' id='word_1_144' title='bbox 1024 2790 1108 2877; x_wconf 87' lang='lat' dir='ltr'><strong>lpse,</strong></span> <span class='ocrx_word' id='word_1_145' title='bbox 1122 2788 1188 2854; x_wconf 89' lang='lat' dir='ltr'><strong>otia</strong></span> <span class='ocrx_word' id='word_1_146' title='bbox 1202 2788 1289 2855; x_wconf 89' lang='lat' dir='ltr'><strong>molli</strong></span> 
     </span>
     <span class='ocr_line' id='line_1_24' title="bbox 549 2890 1269 2981; baseline 0 -24"><span class='ocrx_word' id='word_1_147' title='bbox 549 2892 711 2957; x_wconf 87' lang='lat' dir='ltr'><strong>Exeroens</strong></span> <span class='ocrx_word' id='word_1_148' title='bbox 725 2914 812 2973; x_wconf 82' lang='lat' dir='ltr'><strong>cura²</strong></span> <span class='ocrx_word' id='word_1_149' title='bbox 826 2890 933 2981; x_wconf 86' lang='lat' dir='ltr'><strong>gelido</strong></span> <span class='ocrx_word' id='word_1_150' title='bbox 945 2912 1032 2957; x_wconf 90' lang='lat' dir='ltr'><strong>nune</strong></span> <span class='ocrx_word' id='word_1_151' title='bbox 1045 2890 1176 2957; x_wconf 86' lang='lat' dir='ltr'><strong>flumine</strong></span> <span class='ocrx_word' id='word_1_152' title='bbox 1190 2891 1269 2957; x_wconf 84' lang='lat' dir='ltr'><strong>soles</strong></span> 
     </span>
     <span class='ocr_line' id='line_1_25' title="bbox 548 2992 1354 3085; baseline -0.001 -26"><span class='ocrx_word' id='word_1_153' title='bbox 548 2994 731 3085; x_wconf 84' lang='lat' dir='ltr'><strong>Frangebat</strong></span> <span class='ocrx_word' id='word_1_154' title='bbox 744 2992 856 3059; x_wconf 88' lang='lat' dir='ltr'><strong>nimios</strong></span> <span class='ocrx_word' id='word_1_155' title='bbox 869 2993 986 3081; x_wconf 89' lang='lat' dir='ltr'><strong>peoori,</strong></span> <span class='ocrx_word' id='word_1_156' title='bbox 1002 3016 1088 3059; x_wconf 91' lang='lat' dir='ltr'><strong>nunc</strong></span> <span class='ocrx_word' id='word_1_157' title='bbox 1100 2993 1193 3059; x_wconf 86' lang='lat' dir='ltr'><strong>laetus</strong></span> <span class='ocrx_word' id='word_1_158' title='bbox 1207 2994 1240 3058; x_wconf 91' lang='lat' dir='ltr'><strong>in</strong></span> <span class='ocrx_word' id='word_1_159' title='bbox 1255 2993 1354 3059; x_wconf 90' lang='lat' dir='ltr'><strong>herba</strong></span> 
     </span>
     <span class='ocr_line' id='line_1_26' title="bbox 547 3094 1284 3187; baseline -0.001 -25"><span class='ocrx_word' id='word_1_160' title='bbox 547 3097 716 3164; x_wconf 87' lang='lat' dir='ltr'><strong>Tondebat</strong></span> <span class='ocrx_word' id='word_1_161' title='bbox 729 3098 830 3163; x_wconf 67' lang='lat' dir='ltr'><strong>niveae</strong></span> <span class='ocrx_word' id='word_1_162' title='bbox 844 3094 1042 3187; x_wconf 84' lang='lat' dir='ltr'><strong>splendentia</strong></span> <span class='ocrx_word' id='word_1_163' title='bbox 1055 3094 1172 3162; x_wconf 85' lang='lat' dir='ltr'><strong>vellera</strong></span> <span class='ocrx_word' id='word_1_164' title='bbox 1185 3096 1284 3171; x_wconf 82' lang='lat' dir='ltr'><strong>lanae3</strong></span> 
     </span>
     <span class='ocr_line' id='line_1_27' title="bbox 548 3199 1385 3293; baseline -0.002 -28"><span class='ocrx_word' id='word_1_165' title='bbox 548 3202 631 3280; x_wconf 84' lang='lat' dir='ltr'><strong>Aut,</strong></span> <span class='ocrx_word' id='word_1_166' title='bbox 642 3224 740 3289; x_wconf 85' lang='lat' dir='ltr'><strong>pecus</strong></span> <span class='ocrx_word' id='word_1_167' title='bbox 752 3224 771 3266; x_wconf 93' lang='lat' dir='ltr'><strong>e</strong></span> <span class='ocrx_word' id='word_1_168' title='bbox 783 3213 877 3289; x_wconf 85' lang='lat' dir='ltr'><strong>pastu</strong></span> <span class='ocrx_word' id='word_1_169' title='bbox 892 3222 994 3293; x_wconf 89' lang='lat' dir='ltr'><strong>quum</strong></span> <span class='ocrx_word' id='word_1_170' title='bbox 1008 3222 1075 3264; x_wconf 84' lang='lat' dir='ltr'><strong>sese</strong></span> <span class='ocrx_word' id='word_1_171' title='bbox 1089 3199 1130 3265; x_wconf 87' lang='lat' dir='ltr'><strong>ad</strong></span> <span class='ocrx_word' id='word_1_172' title='bbox 1145 3212 1228 3265; x_wconf 87' lang='lat' dir='ltr'><strong>tecta</strong></span> <span class='ocrx_word' id='word_1_173' title='bbox 1241 3199 1385 3278; x_wconf 80' lang='lat' dir='ltr'><strong>referret,</strong></span> 
     </span>
    </p>
   </div>
   <div class='ocr_carea' id='block_1_6' title="bbox 548 3301 1468 3471">
    <p class='ocr_par' dir='ltr' id='par_1_8' title="bbox 548 3301 1468 3471">
     <span class='ocr_line' id='line_1_28' title="bbox 548 3301 1457 3471; baseline 0.002 -106"><span class='ocrx_word' id='word_1_174' title='bbox 548 3302 721 3369; x_wconf 75' lang='lat' dir='ltr'><strong>Nosconteo</strong></span> <span class='ocrx_word' id='word_1_175' title='bbox 734 3313 867 3368; x_wconf 84' lang='lat' dir='ltr'><strong>matrem</strong></span> <span class='ocrx_word' id='word_1_176' title='bbox 881 3302 1042 3391; x_wconf 77' lang='lat' dir='ltr'><strong>spectabat</strong></span> <span class='ocrx_word' id='word_1_177' title='bbox 1055 3301 1191 3369; x_wconf 89' lang='lat' dir='ltr'><strong>ovilibus</strong></span> <span class='ocrx_word' id='word_1_178' title='bbox 1204 3325 1366 3469; x_wconf 53' lang='lat' dir='ltr'><strong>agnoegv</strong></span> <span class='ocrx_word' id='word_1_179' title='bbox 1392 3403 1457 3471; x_wconf 69' lang='lat'><strong>&#39;103</strong></span> 
     </span>
     <span class='ocr_line' id='line_1_29' title="bbox 1211 3406 1468 3469; baseline -0.012 0"><span class='ocrx_word' id='word_1_180' title='bbox 1211 3406 1281 3469; x_wconf 79' lang='lat' dir='ltr'><strong>Sin.</strong></span> <span class='ocrx_word' id='word_1_181' title='bbox 1367 3449 1376 3468; x_wconf 90' lang='lat'><strong>.</strong></span> <span class='ocrx_word' id='word_1_182' title='bbox 1460 3450 1468 3466; x_wconf 89' lang='lat'><strong>.</strong></span> 
     </span>
    </p>
   </div>
   <div class='ocr_carea' id='block_1_7' title="bbox 461 3552 1514 3921">
    <p class='ocr_par' dir='ltr' id='par_1_9' title="bbox 461 3552 1514 3885">
     <span class='ocr_line' id='line_1_30' title="bbox 463 3552 1514 3654; baseline 0.007 -32"><span class='ocrx_word' id='word_1_183' title='bbox 463 3552 625 3625; x_wconf 82' lang='lat' dir='ltr'><strong>Plurima</strong></span> <span class='ocrx_word' id='word_1_184' title='bbox 641 3565 726 3628; x_wconf 86' lang='lat' dir='ltr'><strong>sunt</strong></span> <span class='ocrx_word' id='word_1_185' title='bbox 742 3556 959 3651; x_wconf 80' lang='lat' dir='ltr'><strong>hujusmodi,</strong></span> <span class='ocrx_word' id='word_1_186' title='bbox 975 3557 1113 3652; x_wconf 73' lang='lat' dir='ltr'><strong>quaesi</strong></span> <span class='ocrx_word' id='word_1_187' title='bbox 1134 3558 1218 3653; x_wconf 86' lang='lat' dir='ltr'><strong>quis</strong></span> <span class='ocrx_word' id='word_1_188' title='bbox 1236 3559 1329 3631; x_wconf 84' lang='lat' dir='ltr'><strong>aerio</strong></span> <span class='ocrx_word' id='word_1_189' title='bbox 1352 3557 1393 3630; x_wconf 90' lang='lat' dir='ltr'><strong>id</strong></span> <span class='ocrx_word' id='word_1_190' title='bbox 1417 3568 1514 3654; x_wconf 80' lang='lat' dir='ltr'><strong>agat,</strong></span> 
     </span>
     <span class='ocr_line' id='line_1_31' title="bbox 462 3666 1513 3806; baseline 0.006 -67"><span class='ocrx_word' id='word_1_191' title='bbox 462 3692 493 3740; x_wconf 81' lang='grc' dir='ltr'><strong>ιι</strong></span> <span class='ocrx_word' id='word_1_192' title='bbox 481 3666 583 3739; x_wconf 86' lang='lat' dir='ltr'><strong>&#39;&#39;ad</strong></span> <span class='ocrx_word' id='word_1_193' title='bbox 572 3670 740 3742; x_wconf 84' lang='lat' dir='ltr'><strong>mtimum</strong></span> <span class='ocrx_word' id='word_1_194' title='bbox 757 3681 897 3744; x_wconf 87' lang='lat' dir='ltr'><strong>naturae</strong></span> <span class='ocrx_word' id='word_1_195' title='bbox 919 3674 1080 3745; x_wconf 86' lang='lat' dir='ltr'><strong>studium</strong></span> <span class='ocrx_word' id='word_1_196' title='bbox 1104 3675 1195 3745; x_wconf 87' lang='lat' dir='ltr'><strong>bene</strong></span> <span class='ocrx_word' id='word_1_197' title='bbox 1218 3698 1261 3746; x_wconf 90' lang='lat' dir='ltr'><strong>ae</strong></span> <span class='ocrx_word' id='word_1_198' title='bbox 1284 3673 1451 3806; x_wconf 80' lang='lat' dir='ltr'><strong>gnaviter</strong></span> <span class='ocrx_word' id='word_1_199' title='bbox 1474 3697 1513 3745; x_wconf 89' lang='lat' dir='ltr'><strong>se</strong></span> 
     </span>
     <span class='ocr_line' id='line_1_32' title="bbox 461 3787 1513 3921; baseline 0.006 -66"><span class='ocrx_word' id='word_1_200' title='bbox 461 3796 664 3878; x_wconf 82' lang='lat' dir='ltr'><strong>componat,</strong></span> <span class='ocrx_word' id='word_1_201' title='bbox 696 3787 821 3881; x_wconf 88' lang='lat' dir='ltr'><strong>paucis</strong></span> <span class='ocrx_word' id='word_1_202' title='bbox 852 3788 982 3862; x_wconf 84' lang='lat' dir='ltr'><strong>adhue</strong></span> <span class='ocrx_word' id='word_1_203' title='bbox 1004 3790 1150 3921; x_wconf 83' lang='lat' dir='ltr'><strong>oogpita</strong></span> <span class='ocrx_word' id='word_1_204' title='bbox 1182 3790 1402 3921; x_wconf 58' lang='lat' dir='ltr'><strong>conquirere,</strong></span> <span class='ocrx_word' id='word_1_205' title='bbox 1435 3798 1513 3875; x_wconf 90' lang='lat' dir='ltr'><strong>aut,</strong></span> 
     </span>
    </p>
   </div>
   <div class='ocr_carea' id='block_1_8' title="bbox 461 3901 1518 4100">
    <p class='ocr_par' dir='ltr' id='par_1_10' title="bbox 461 3901 1518 4100">
     <span class='ocr_line' id='line_1_33' title="bbox 461 3901 1514 3999; baseline 0.006 -28"><span class='ocrx_word' id='word_1_206' title='bbox 461 3901 557 3994; x_wconf 83' lang='lat' dir='ltr'><strong>quod</strong></span> <span class='ocrx_word' id='word_1_207' title='bbox 574 3913 629 3976; x_wconf 85' lang='lat' dir='ltr'><strong>est</strong></span> <span class='ocrx_word' id='word_1_208' title='bbox 645 3905 772 3999; x_wconf 81' lang='lat' dir='ltr'><strong>majus,</strong></span> <span class='ocrx_word' id='word_1_209' title='bbox 789 3902 866 3996; x_wconf 85' lang='lat' dir='ltr'><strong>ipae</strong></span> <span class='ocrx_word' id='word_1_210' title='bbox 884 3904 1002 3976; x_wconf 66' lang='lat' dir='ltr'><strong>masan</strong></span> <span class='ocrx_word' id='word_1_211' title='bbox 1026 3904 1163 3998; x_wconf 77' lang='lat' dir='ltr'><strong>primus</strong></span> <span class='ocrx_word' id='word_1_212' title='bbox 1187 3904 1343 3999; x_wconf 75' lang='lat' dir='ltr'><strong>reperire</strong></span> <span class='ocrx_word' id='word_1_213' title='bbox 1368 3903 1514 3997; x_wconf 67' lang='lat' dir='ltr'><strong>pooefia</strong></span> 
     </span>
     <span class='ocr_line' id='line_1_34' title="bbox 461 4016 1518 4100; baseline 0.002 -11"><span class='ocrx_word' id='word_1_214' title='bbox 461 4016 596 4100; x_wconf 79' lang='lat' dir='ltr'><strong>Quom</strong></span> <span class='ocrx_word' id='word_1_215' title='bbox 609 4021 729 4095; x_wconf 83' lang='lat' dir='ltr'><strong>studio</strong></span> <span class='ocrx_word' id='word_1_216' title='bbox 741 4020 942 4094; x_wconf 63' lang='lat' dir='ltr'><strong>salaminae</strong></span> <span class='ocrx_word' id='word_1_217' title='bbox 955 4021 1185 4094; x_wconf 65' lang='lat' dir='ltr'><strong>muntiant</strong></span> <span class='ocrx_word' id='word_1_218' title='bbox 1196 4020 1518 4099; x_wconf 70' lang='lat' dir='ltr'><strong>reoentiorunrali-</strong></span> 
     </span>
    </p>
   </div>
   <div class='ocr_carea' id='block_1_9' title="bbox 0 0 1784 5575">
    <p class='ocr_par' dir='ltr' id='par_1_11' title="bbox 0 0 1784 5575">
     <span class='ocr_line' id='line_1_35' title="bbox 0 0 1784 5575; baseline 0 2"><span class='ocrx_word' id='word_1_219' title='bbox 0 0 1784 5575; x_wconf 95' lang='lat' dir='ltr'><strong> </strong></span> 
     </span>
    </p>
   </div>
  </div>
 </body>
</html>
