3559 5575
1063 62 1193 125 «134
1310 58 1554 123 PARS
1586 54 1966 119 TERTIA
1999 54 2127 117 DE
2162 52 2520 117 PHANT.
2571 53 2804 118 Pam.
2834 51 3200 119 XXXIII.

1164 233 1457 304 Possem
1490 230 1610 300 hic
1641 226 1968 322 egregios
2000 248 2093 296 ex
2128 226 2383 297 eodem
2429 235 2763 319 poemate
2812 228 3035 298 locos
3083 228 3198 298 ad-

1057 348 1268 430 ferre,
1301 346 1616 439 primum
1661 341 1789 414 ubi
1823 343 2082 413 Romae
2125 341 2279 412 fata
2324 364 2411 412 ac
2457 341 2788 412 fortunas
2823 342 3194 414 Anchises

1057 460 1313 554 aperit,
1345 469 1506 530 tum
1552 480 1718 550 quae
1765 480 1812 527 a
1844 455 2174 529 Vulcano
2214 455 2562 548 impressa
2592 457 2849 549 clypeo
2884 459 3192 528 tradun-

1054 584 1199 658 tur,
1234 597 1413 669 quos
1447 583 1691 643 tamen
1727 571 2041 663 prudens
2075 581 2447 664 praetereo,
2472 595 2566 642 ne
2590 572 2780 643 forte
2812 573 3189 646 moloetior

1054 691 1191 762 sim
1226 690 1403 760 dum
1434 690 1594 759 haec
1627 687 1844 757 nimis
1878 696 2051 757 nota
2097 685 2421 771 recitem,
2455 697 2531 757 et
2566 710 2728 779 quae
2775 712 3006 780 porro
3053 691 3185 759 dis-
3340 778 3341 783 Ἰ

1054 804 1341 897 ciplinae
1374 812 1641 874 nostrae
1674 823 1922 894 parem
1957 801 2171 872 modo
2217 823 2386 871 cum
2429 800 2920 892 superioribus
2969 803 3179 874 fidem
3340 806 3341 884 l

1052 918 1354 990 faciunt.
1454 917 1569 987 De
1626 915 1951 1008 utrisque
2010 925 2256 986 autem
2326 913 2695 1007 (quoniam
2767 915 3177 988 Homerum

1053 1045 1424 1107 auctorem
1508 1032 1712 1126 sequi
1778 1033 1996 1126 vulgo
2075 1029 2372 1124 dicitur)
2438 1029 2621 1101 illud
2685 1033 2955 1103 saltem
3025 1057 3176 1125 pro-

1053 1151 1245 1224 fiteri
1293 1150 1528 1231 liceat,
1570 1146 1963 1218 inventoris
2009 1145 2302 1217 laudem
2347 1144 2653 1240 Virgilio
2703 1146 3039 1219 debitam
3086 1171 3168 1219 ex
3340 1143 3341 1203 ἱ

1053 1269 1193 1339 hoc
1243 1267 1446 1338 fonte
1492 1263 1704 1335 unice
1754 1262 2151 1356 provenire,
2201 1261 2397 1354 quod
2452 1261 2516 1332 is
2567 1262 2845 1356 primus
2897 1275 3168 1335 mentes

1052 1383 1430 1453 hominum
1480 1380 1576 1450 ad
1607 1387 1912 1449 ventura
1958 1386 2375 1448 convertere
2418 1377 2513 1448 sit
2547 1401 2784 1464 ausuS,
2819 1389 3164 1473 tanquam

1051 1494 1147 1565 ad
1177 1487 1678 1587 spectaculum
1713 1491 1957 1562 divino
1992 1514 2290 1561 munere
2315 1491 2766 1584 expositum:
2808 1494 3005 1564 unde
3030 1494 3165 1564 his-
3340 1510 3341 1575 1

1048 1607 1311 1681 toriam
1343 1607 1450 1678 ita
1474 1605 1672 1699 poesi
1696 1605 2042 1676 inservire
2069 1605 2264 1693 fecit,
2289 1615 2373 1677 ut
2399 1630 2565 1700 quae
2598 1618 2889 1679 narrata
2924 1626 3160 1702 respu-

1049 1732 1254 1794 erent
1287 1745 1573 1816 prorsus
1618 1732 1746 1792 aut
1777 1722 2188 1816 languidius
2223 1722 2649 1815 acciperent,
2684 1723 2938 1796 eadem
2986 1747 3160 1817 prae-

1050 1839 1246 1911 dicta
1280 1838 1473 1910 avidi
1508 1837 1907 1929 animisque
1941 1838 2236 1909 arrectis
2272 1838 2630 1910 hauriant.
2722 1840 2885 1911 Hoc
2918 1851 3155 1912 autem

1050 1954 1351 2026 artificio
1386 1954 1785 2045 complures
1819 1962 2067 2045 postea
2099 1952 2195 2023 ad
2227 1977 2382 2022 rem
2415 1977 2620 2024 suam
2653 1955 2961 2026 feliciter
3003 1979 3153 2026 usos

1047 2071 1268 2140 fuisse
1301 2067 1677 2161 scriptores
1712 2077 2025 2148 constat;
2061 2091 2156 2139 ex
2181 2068 2440 2160 quibus
2467 2079 2580 2139 sat
2604 2070 2741 2140 erit
2768 2071 3151 2142 Miltonum

1049 2187 1494 2256 nominasse:
1551 2204 1783 2275 neque
1838 2184 1984 2253 ullo
2034 2207 2205 2254 sane
2255 2185 2841 2275 phantasmatum
2897 2209 3149 2281 genere

1049 2301 1277 2395 magis
1328 2299 1758 2371 commoveri
1809 2322 2013 2391 posse
2064 2299 2384 2369 animum
2445 2301 2897 2387 crediderim,
2943 2325 3146 2396 quam

1046 2441 1211 2510 quae
1246 2414 1712 2486 adventantia
1746 2414 2117 2484 hominum
2151 2415 2306 2484 fata
2330 2415 2669 2486 videntur
2693 2440 3144 2509 praemonere,

1044 2540 1121 2602 et
1162 2531 1482 2600 nondum
1534 2541 1697 2600 acta
1747 2529 1953 2622 quasi
1994 2531 2153 2623 jam
2206 2528 2285 2599 in
2335 2543 2720 2625 conspectu
2768 2544 3142 2628 agerentur

1045 2646 1325 2717 sublato
1358 2646 1558 2716 velut
1590 2646 1824 2716 aulaeo
1860 2659 2277 2717 monstrare.
