3559 5575
354 156 579 220 Pam„
608 152 907 220 xxm.
1016 154 1146 219 DE
1193 154 1816 222 AFFECTIBUS.
2339 161 2464 224 801

527 326 706 390 Tum
742 323 965 389 Senior
992 325 1257 403 Nautes,
1288 347 1492 390 unum
1523 326 1819 392 Tritonia
1845 326 2060 392 Pallas

525 429 734 506 Quem
763 425 1002 504 docuit,
1033 425 1363 513 multaque
1390 426 1700 514 insignem
1729 427 2014 494 reddidit
2039 442 2199 496 arte.
2246 477 2265 495 .

531 558 2207 580 OOOOOOOOOOOOOOOO

526 634 694 697 Nate
723 631 886 709 Dea,
917 653 1049 717 quo
1076 629 1210 694 fata
1238 629 1523 709 trahunt,
1555 632 2016 720 retrahuntque
2045 656 2420 720 sequamur:

526 732 847 820 Quicquid
875 732 1015 812 erit,
1046 733 1417 820 superanda
1445 736 2241 822 omnissonunafirendo
2268 746 2379 801 est.

1916 837 2079 902 AEN.
2112 839 2194 902 V.
2224 841 2380 906 704.

356 1020 573 1102 Quod
633 1020 948 1113 quidem,
1007 1019 1412 1115 gravissimi
1475 1021 1646 1092 licet
1704 1023 2052 1115 praecepti
2118 1022 2471 1095 rationem

354 1136 644 1219 habeat,
696 1137 788 1206 ab
839 1135 1070 1206 amico
1122 1135 1201 1205 in
1259 1136 1636 1207 consilium
1681 1147 1937 1208 vocato
1987 1148 2239 1229 sponte
2288 1138 2473 1222 fluit,

354 1273 592 1343 neque
629 1251 849 1321 ullam
884 1250 988 1320 rei
1022 1273 1185 1343 quae
1217 1250 1461 1345 agitur
1491 1250 1728 1346 injicit
1764 1274 2063 1322 moram.

458 1366 600 1450 Sic,
636 1388 767 1458 pro
800 1388 885 1437 eo
919 1367 1114 1459 quod
1150 1365 1530 1460 magnifice
1564 1367 1943 1459 praedicari
1976 1369 2306 1439 solet—‘⁶
2330 1369 2477 1441 Sua

357 1482 657 1575 praemia
691 1481 1060 1552 virtus—’'
1091 1491 1249 1555 tota
1284 1483 1499 1577 hujus
1534 1484 1916 1556 sententiae
1965 1484 2355 1555 auctoritas
2399 1493 2476 1556 et

361 1598 641 1689 pondus
689 1597 833 1668 Iuli
881 1597 1201 1704 oratione
1247 1598 1342 1668 ad
1375 1596 1638 1669 Nisum
1686 1609 1762 1669 et
1797 1598 2200 1691 Euryalum
2247 1598 2477 1670 conti-

360 1723 596 1784 netur.

541 1871 704 1950 Quae
731 1868 931 1948 vobis,
962 1892 1110 1956 quae
1136 1868 1352 1957 digna,
1386 1869 1529 1950 viri,
1561 1894 1680 1958 pro
1710 1869 1943 1936 talibus
1971 1871 2139 1935 ausis

540 1971 813 2036 Praemia
838 1994 1021 2058 posse
1048 1993 1190 2035 rear
1219 1970 1420 2035 solvi?
1453 1973 1898 2058 pulcherrima
1913 1975 2209 2060 primum

537 2076 984 2161 Di'moresque
1012 2073 1255 2138 dabunt
1285 2075 1505 2137 vem-i.
1877 2074 2040 2136 ΕΝ.
2076 2074 2208 2137 ῙΧ.
2242 2076 2388 2138 252.

472 2236 895 2329 Pariterque
963 2233 1193 2305 occiso
1254 2234 1607 2318 Pallante,
1659 2229 2121 2329 “pulchram
2180 2242 2480 2305 mortem

370 2365 416 2396 “
450 2350 620 2424 vitae
653 2347 865 2446 turpi
881 2345 1555 2445 praestantiorem?
1588 2349 1893 2420 AEneam
1931 2374 2074 2421 non
2109 2349 2481 2423 ambitiose

367 2469 542 2542 fecit
576 2467 988 2561 praedicare,
1024 2465 1151 2537 sed
1201 2488 1413 2535 cursu
1465 2466 1807 2537 orationis
1858 2489 1943 2538 eo
1987 2466 2181 2549 ferri,
2215 2481 2290 2539 et
2324 2491 2481 2539 sen-

369 2585 676 2658 tentiam
711 2585 1014 2656 eandem
1050 2581 1159 2653 his
1195 2581 1485 2654 vocibus
1517 2582 1778 2654 leniter
1811 2583 2191 2676 expedire:

1150 2746 1239 2809 At
1268 2765 1418 2822 non,
1450 2743 1778 2824 Evandre,
1811 2742 2128 2831 pudendis

548 2847 932 2913 Vulneribus
959 2846 1215 2937 pulsum
1244 2846 1536 2933 aspicies:
1583 2868 1696 2911 nec
1722 2848 1956 2935 sospite
1982 2845 2198 2910 dirum

552 2949 817 3036 Optabis
844 2948 1226 3033 natofimus
1244 2958 1461 3035 pater.
1940 2945 2103 3010 AEN.
2133 2946 2257 3011 XI.
2289 2950 2398 3012 55.

477 3107 727 3200 Atque
761 3107 896 3176 hac
928 3107 1180 3176 saltem
1218 3128 1312 3176 ex
1351 3114 1558 3197 parte
1602 3104 1800 3174 haud
1847 3103 1992 3173 scio
2038 3126 2130 3174 an
2170 3103 2487 3174 Homero

374 3224 470 3295 sit
507 3220 1036 3305 anteferenduS,
1071 3220 1275 3313 cujus
1306 3218 1592 3310 propria
1625 3217 1959 3311 quaedam
2000 3227 2076 3287 et
2111 3216 2489 3311 singularis

377 3347 490 3408 est
524 3338 774 3422 virtus,
824 3335 938 3427 (ut
980 3358 1148 3407 cum
1199 3334 1593 3406 Aristotele
1643 3336 1923 3427 loquar)
1975 3356 2204 3425 pauca
2252 3331 2487 3424 ipsum

377 3452 690 3545 praefari,
724 3452 1090 3543 extemplo
1137 3465 1379 3521 autem
1417 3449 1652 3519 virum
1699 3447 2008 3541 aliquem
2060 3458 2188 3519 aut
2239 3447 2491 3518 mulie-

377 3590 534 3639 rem
586 3567 888 3648 adferre,
939 3569 1143 3660 quus
1197 3566 1512 3638 moribus
1566 3588 1652 3636 ea
1709 3586 1878 3658 quae
1925 3563 2069 3634 dici
2118 3562 2293 3635 velit
2343 3562 2488 3634 sint

378 3683 664 3754 idonea.
766 3681 888 3752 Ab
927 3683 1247 3753 Homero
1275 3692 1544 3765 tamen,
1579 3682 1653 3752 in
1704 3681 2027 3774 Odyssea
2064 3679 2489 3773 praesertim,

378 3800 603 3871 effata
667 3797 1001 3891 quaedam
1070 3797 1520 3889 pronuntiari
1586 3796 1912 3891 contigit,
1974 3798 2300 3891 sejuncta
2366 3794 2493 3864 ali·
2538 3809 2545 3814 ·

379 3925 739 4008 quantum
785 3936 828 3983 a
870 3936 950 3983 re
990 3923 1066 3983 et
1099 3911 1400 3997 actione,
1434 3934 1847 4005 quanquam
1899 3935 1943 3981 a
1993 3933 2315 4003 personae
2366 3908 2493 3978 ali-

380 4031 592 4123 cujus
623 4051 747 4102 ore
778 4052 922 4099 non
959 4051 1004 4099 a
1037 4028 1378 4120 scriptore
1410 4028 1565 4120 ipso
1599 4025 2042 4119 proveniant.
