3559 5575
474 86 541 155 86
574 87 697 154 PARS
721 84 945 154 SECUNDA
966 84 1033 151 DE
1055 82 1542 152 AFFucT.ru1..xvn.

475 272 541 335 uut
555 270 638 357 post
654 260 790 334 caedem
807 270 991 355 peractam
1010 257 1175 352 Pompeii
1189 256 1321 331 faciem
1337 254 1441 331 Deir
1455 256 1542 332 ira-

473 388 550 453 tam
566 377 791 473 praedicasse.

558 520 609 583 At
624 516 739 605 Magni
753 538 828 581 cum
843 528 934 603 terga
948 526 1070 593 sonent,
1084 526 1118 578 et
1131 527 1260 601 pectora
1273 514 1370 595 ferro,

559 614 772 687 Permeusisse
785 618 883 683 decus
897 636 994 683 sucroe
1006 614 1185 681 venemule
1198 614 1323 695 iormae,

559 724 745 809 Iratamque
758 720 837 786 Deis
851 718 975 799 faeiem,
987 718 1068 783 nihil
1081 718 1196 784 ultima
1208 718 1320 785 mortis

559 827 613 890 Ex
628 824 740 891 habitu
756 822 913 910 vultuque
927 821 987 887 viri
1001 835 1150 902 mutasse,
1162 822 1306 887 fatentur

559 927 623 1006 Qui
637 926 773 992 laoerum
789 924 897 989 videre
910 937 1017 1011 eaput.
1150 926 1283 990 Pms.
1295 924 1400 989 vm.
1410 923 1488 1012 665

522 1055 619 1129 Tota
635 1055 807 1127 nimirum
823 1078 880 1127 res
903 1053 1034 1149 frigide
1056 1053 1262 1149 insuiseque
1283 1054 1452 1139 truditur,
1468 1079 1534 1127 ne·

471 1195 543 1267 que
569 1196 722 1267 usquam
752 1181 816 1243 aut
846 1170 978 1243 summi
1003 1169 1093 1241 civis
1117 1170 1288 1267 dignitas,
1313 1182 1379 1243 aut
1402 1170 1530 1242 invicti

472 1288 573 1359 ducis
596 1285 782 1371 fortitudo,
800 1295 864 1357 aut
881 1284 984 1379 probi
1000 1284 1069 1356 viri
1091 1286 1275 1370 sanctitur,
1292 1298 1358 1358 aut
1377 1286 1531 1357 infelicis

470 1412 581 1495 atque
602 1400 727 1473 afflicti
750 1401 850 1471 dolor
874 1399 1046 1472 cernitur.
1095 1400 1214 1483 Quem
1239 1401 1386 1496 quidem
1410 1400 1449 1472 in
1475 1424 1531 1473 er·

471 1538 589 1587 rorem
613 1526 656 1587 ut
672 1516 791 1608 lapsus
813 1514 925 1586 fuerit
941 1516 1050 1587 homo
1071 1515 1199 1589 doctus
1215 1525 1254 1589 et
1270 1516 1439 1609 prudeus,
1456 1538 1528 1588 uon

473 1630 618 1703 aliunde
634 1631 795 1703 evenisse
811 1629 982 1703 credibile
997 1641 1065 1715 est,
1080 1654 1191 1725 quam
1207 1632 1306 1727 quod
1320 1642 1465 1704 uaturae
1479 1634 1530 1705 le·
1665 1633 1666 1720 j

472 1746 577 1843 ffi'bus
593 1745 793 1843 arrogantis
810 1746 1045 1839 philosophiae
1061 1757 1266 1821 commenta
1277 1758 1527 1841 permutasset

475 1862 557 1935 Har
573 1863 707 1935 scilicet
724 1862 913 1955 disciplina
928 1862 1090 1935 imbutus
1106 1887 1179 1937 uon
1196 1888 1234 1937 se
1250 1864 1322 1936 arti
1341 1864 1528 1959 subjicere,

474 1978 537 2053 ned
553 1988 667 2051 artem
684 1978 800 2071 ipsam
816 1960 965 2051 arbitrio
980 2002 1047 2053 suo
1062 1980 1198 2076 fingere
1213 2004 1257 2053 uc
1273 1980 1452 2053 moderari
1468 2004 1529 2053 vo·

473 2095 563 2177 luit3
588 2093 778 2189 studiaque
795 2104 833 2166 et
850 2117 966 2167 mores
982 2096 1170 2167 hominum
1186 2120 1235 2169 ex
1245 2098 1375 2192 Jejuua
1388 2097 1528 2171 Stoici»

473 2234 555 2283 rum
572 2213 694 2284 tabula
711 2210 920 2294 describere,
936 2233 1009 2282 uon
1023 2211 1110 2283 vitae
1126 2215 1321 2308 exemplar,
1332 2213 1430 2286 uude
1444 2236 1528 2286 vera

474 2328 621 2401 demum
635 2328 791 2421 petenda
807 2337 862 2401 ert
878 2327 1024 2424 effigies,
1039 2327 1185 2405 intueri
