3559 5575
496 94 561 157 240
839 88 961 154 PARS
985 88 1209 155 SECUNDA
1279 88 1393 154 Pacu.
1407 85 1558 157 xvln.

495 276 537 339 ut
554 274 649 337 tetra
664 272 703 336 et
719 262 880 357 squalida
904 261 1095 335 autetiam
1117 260 1271 333 ridicula
1293 286 1358 356 pro
1378 264 1559 338 luctuosis
1664 255 1665 290 ³

494 382 657 454 afferant.
709 378 872 463 Quodsi
893 377 1104 450 illustriores
1126 397 1175 451 ex
1191 376 1329 450 Graecis
1346 378 1558 477 ngoediis

492 498 664 569 adeamus
689 518 773 590 quae
795 495 1003 590 hujusmodi
1025 494 1185 588 personis
1207 503 1374 579 utuntur,
1389 495 1558 585 παθητικὴ

493 612 639 707 quidem
655 612 746 684 illud
762 613 973 707 plerumque
990 607 1126 684 alienis
1146 634 1194 683 ex
1214 610 1331 682 causis
1352 614 1556 705 petendum

493 748 569 799 esse
583 727 690 801 facile
706 726 905 800 constabit:
932 749 1061 819 nempe
1084 726 1147 798 ubi
1163 726 1344 798 horrenda
1359 736 1483 821 strage
1499 727 1556 798 in-

491 864 645 915 nocuam
670 842 818 914 domum
843 841 999 934 opprimi
1015 839 1192 927 videmus,
1209 840 1317 913 sicuti
1332 840 1372 913 in
1390 841 1556 913 Hercule

492 958 665 1043 Furente,
682 969 747 1030 aut
763 957 825 1030 ubi
847 957 1033 1053 tangimur
1055 956 1190 1053 insigni
1210 956 1330 1050 aliquo
1353 956 1486 1029 amoris
1511 982 1555 1030 ac

491 1074 637 1167 pietatis
668 1077 848 1169 exemplo,
874 1076 981 1169 quale
1013 1072 1053 1144 in
1087 1073 1275 1167 Euripidis
1308 1074 1438 1146 Oreste
1473 1076 1554 1147 edit

491 1190 650 1263 Electra.
701 1192 822 1263 Multo
843 1190 1011 1285 equidem
1033 1190 1149 1286 magis
1172 1213 1319 1262 moveor
1342 1190 1464 1263 studio
1487 1191 1554 1263 illo

491 1316 530 1379 et
546 1306 648 1403 vigili
669 1330 756 1379 cura
778 1331 850 1402 qua
871 1307 1021 1379 fratrem
1047 1330 1153 1379 suum
1178 1305 1425 1380 amantissima
1450 1331 1552 1379 soror
1664 1319 1665 1330 ¹

490 1422 728 1516 prosequitur,
744 1446 855 1518 quarn
880 1422 1020 1495 Orestis
1044 1421 1156 1516 ipsius
1181 1424 1344 1495 tumultu
1366 1433 1404 1496 et
1420 1421 1552 1497 insano

489 1537 701 1620 formidiue;

919 1673 964 1739 Ὢ
977 1674 1089 1740 τάλαιν’
1105 1677 1173 1761 byei.

619 1778 679 1840 Au
693 1774 730 1840 αὖ
745 1775 856 1863 ripum
870 1780 928 1852 τοῖς
942 1779 1018 1860 ipris
1033 1778 1184 1863 θρηνήμασι

618 1878 711 1944 Φίλαν
725 1878 845 1966 ξυνῳδοί.
861 1879 947 1966 τάχα
960 1880 1171 1963 μνταατῆσνννί
1186 1878 1269 1946 ὕπνον

618 1980 696 2045 'rtet‘
711 1981 893 2069 ἡσυχάζοντ’.
908 1980 989 2064 ὄμμα
1002 1983 1025 2045 δ’
1040 1983 1184 2062 ὖκτῆξονὸ
1200 1984 1266 2066 ἐμὸν

619 2086 771 2174 Δανμῦοις,
785 2083 906 2163 &bracis
920 2082 986 2148 ὅταν
1000 2089 1053 2171 ὁρῶ
1066 2084 1221 2169 μεμηνότα.

612 2184 659 2251 Ὦ
674 2188 813 2266 uibratur
829 2191 971 2274 γυναῖκες,
985 2187 1086 2275 ἡσύχῳ
1100 2189 1161 2252 ποδὶ

494 2304 497 2309 ’
620 2294 755 2376 Χωρεῖτν,
766 2294 805 2373 μὴ
816 2292 946 2370 bauain,
960 2291 1022 2372 μηδ’
1038 2290 1111 2355 ἔστα
1127 2291 1240 2369 κτύπος.
1300 2292 1432 2357 Onnes.
1446 2292 1521 2356 131.

488 2460 542 2532 Et
559 2468 692 2551 postea,
708 2460 771 2530 ubi
791 2461 870 2553 jam
893 2460 1147 2555 expergefacto
1169 2460 1328 2533 assidens
1352 2484 1481 2554 spuma
1506 2470 1543 2533 et

488 2576 650 2668 squalore
663 2574 789 2657 obsito,
802 2575 958 2646 officium
975 2576 1139 2670 quamvis
1155 2577 1292 2649 humile
1307 2588 1347 2649 et
1359 2578 1540 2649 sordidum

487 2712 713 2786 nequaquam
731 2702 962 2784 aspematur;

615 2879 685 2943 ’luat
700 2879 731 2942 τό
747 2878 873 2962 δούλευμ’
889 2880 947 2961 ἡδὺ,
962 2884 1031 2944 κούκ
1046 2881 1193 2964 ἀναίνομαι

614 2980 727 3066 'Alite'
743 2985 852 3069 ἀδελφῇ
864 2984 943 3068 χειρὶ
959 2983 1113 3070 infantissa
1126 2983 1209 3067 με’λη.
1303 2986 1429 3050 Oltlts‘r.
1444 2988 1519 3050 221.

486 3167 602 3262 Atqui
628 3167 666 3242 in
696 3169 848 3244 terribili
872 3168 1035 3265 conjugis
1059 3193 1135 3242 suae
1159 3182 1196 3244 et
1218 3171 1413 3246 liberorum
1442 3174 1540 3246 caede

486 3307 633 3377 ecquem
652 3284 820 3357 Herculis
836 3285 949 3379 ipsius
965 3295 1110 3357 tantum
1127 3286 1288 3360 misereri
1304 3289 1413 3379 subit,
1428 3313 1540 3385 quau-

485 3407 564 3469 tum
582 3397 619 3466 vi
635 3420 717 3468 euru
735 3409 774 3470 et
790 3400 926 3472 catenis
943 3401 1098 3474 coerceri
1113 3403 1234 3475 velle?

396 3519 404 3530 “
534 3512 641 3593 Quod
665 3535 750 3584 vero
775 3512 915 3587 aiebam
942 3519 989 3589 ab
1016 3517 1135 3589 insani
1163 3519 1319 3592 hominis
1345 3527 1539 3612 conspectu

483 3627 647 3722 refugere
672 3629 937 3722 quodammodo
962 3643 1133 3718 mentem,
1151 3644 1189 3706 et
1208 3635 1312 3729 quasi
1333 3646 1435 3709 metu
1460 3659 1539 3730 per·

483 3745 618 3817 culsam
631 3745 798 3831 aversari,
812 3747 946 3821 diserto
961 3749 1001 3822 id
1017 3747 1203 3844 Sophoclis
1219 3751 1427 3825 testimonio
1443 3775 1541 3825 com·

483 3862 665 3956 probatur,
682 3864 779 3956 apud
799 3887 908 3957 quem
924 3865 1077 3961 Ajacem
1099 3867 1203 3940 illum
1228 3868 1403 3942 furiosum
1427 3892 1476 3942 ne
1500 3869 1539 3940 in

482 4003 625 4059 scenam
650 3981 808 4076 proferat
830 3981 1035 4056 Minervam
1061 3984 1168 4058 enixe
1193 3993 1273 4058 orat
1289 3986 1450 4079 Ulysses,
1467 3985 1540 4058 for·
