3559 5575
506 196 572 260 ἢ)
833 184 955 257 P'ARS
978 188 1202 256 SECUNDA
1334 190 1449 255 Pur..
1465 180 1569 257 XVI}

507 369 700 441 misceatur
715 365 812 460 quod
827 363 934 437 facile
949 364 988 435 in
1004 363 1196 437 ridiculum
1213 363 1311 434 trabi
1333 364 1467 457 possit3
1494 388 1568 460 quo

506 485 598 556 nihil
613 483 670 554 his
686 481 872 554 affectibus
894 481 1050 552 obstabit
1066 479 1182 576 magis
1201 489 1267 551 aut
1282 479 1404 553 animo
1426 482 1567 554 diutius

506 600 679 672 haerebit:
706 607 748 670 ut
764 600 833 669 hoc
854 592 966 668 semel
988 593 1142 666 admisso
1164 595 1301 667 frustra
1324 620 1409 667 eum
1434 597 1485 669 ad
1508 622 1566 670 res

507 739 634 814 graves
651 724 687 786 et
706 712 815 785 serias
832 711 1065 783 revocaveris.
1117 710 1181 781 Ex
1203 713 1272 783 hoc
1292 723 1415 784 autem
1432 736 1565 809 genere

506 834 616 903 allata
639 841 724 903 sunt
744 829 830 903 olim
853 829 1020 923 quaedam
1038 822 1178 898 Lucani
1203 826 1243 897 in
1268 827 1473 921 praeliorum
1503 830 1565 901 de-

507 947 779 1042 scriptionibus3
805 948 911 1039 quale
932 944 1044 1016 etiam
1064 954 1120 1015 est
1140 944 1231 1015 illud
1252 943 1374 1015 Italici
1396 945 1445 1016 de
1469 946 1564 1017 tubi-

507 1065 588 1138 cine
623 1062 792 1158 quodam,
817 1084 930 1155 quum
955 1061 1045 1131 tubo
1069 1059 1214 1154 signum
1238 1070 1394 1143 caneret,
1419 1062 1562 1133 mortali

508 1183 656 1253 vulnere
673 1178 846 1251 confecto.

596 1292 702 1357 Haesit
715 1289 916 1356 barbaricum
930 1289 990 1353 sub
1003 1286 1118 1353 anbelo
1131 1302 1264 1377 gutture
1279 1288 1390 1368 telum,

595 1394 640 1459 Et
653 1393 764 1459 clausit
778 1414 910 1457 raucum
924 1389 1009 1455 letali
1023 1390 1154 1455 vulnere
1168 1412 1324 1455 munuur.

594 1498 644 1561 At
660 1517 767 1574 sonus,
783 1507 925 1559 extremo
938 1490 1100 1557 morientis
1112 1492 1205 1557 fusus
1219 1492 1261 1557 ab
1274 1516 1340 1571 ore,

595 1596 698 1662 Flexa
711 1593 884 1683 pererravit
897 1593 995 1659 mutia
1003 1595 1073 1683 jam
1088 1616 1208 1661 oornua
1221 1594 1329 1659 labris.

1259 1698 1348 1761 Pmr.
1364 1698 1427 1761 1v.
1444 1700 1518 1766 171.

509 1804 571 1877 Ad
595 1826 704 1899 quem
730 1826 840 1897 prope
862 1802 1001 1875 accedit
1024 1801 1189 1885 Ovidius,
1206 1803 1349 1897 quando
1368 1804 1408 1874 in
1423 1804 1563 1877 luctuo-

509 1920 648 1992 sissima
662 1920 784 1992 fabuia
799 1918 961 2014 linguam
974 1916 1185 1990 Philomelae
1197 1918 1291 1991 ferro
1307 1934 1490 1991 exsectam
1507 1919 1562 1990 bis
1673 1923 1674 1948 ¹

510 2035 736 2131 prosequitur
752 2033 910 2127 ineptiis.

770 2146 878 2212 Radix
892 2145 988 2210 micat
1001 2144 1115 2210 ultima
1127 2144 1265 2233 linguoe:

598 2250 785 2339 Ipsujaoet:
809 2262 965 2335 terraeque
979 2262 1116 2312 tremens
1128 2246 1351 2312 immurmurat
1363 2262 1451 2314 atrae

598 2354 710 2439 thue
724 2351 815 2417 salire
829 2350 909 2417 solet
922 2349 1076 2415 mutilatae
1090 2349 1193 2415 cauda
1206 2350 1357 2431 oolubrae,

598 2453 749 2541 Paipitat,
765 2467 797 2519 et
811 2452 947 2518 moriens
961 2452 1098 2517 dominre
1112 2453 1246 2541 vestigia
1258 2453 1385 2540 quaerit.

1255 2556 1354 2618 Mna.
1369 2555 1430 2619 v1.
1444 2558 1520 2625 557.

511 2654 629 2727 Simili
645 2654 733 2727 vitio
749 2657 1030 2749 pulcherrimum
1047 2657 1252 2730 Thebaidos
1268 2683 1343 2730 suae
1366 2660 1486 2731 locum
1510 2660 1564 2730 in·

511 2769 675 2866 quinavit
692 2772 839 2845 Statius.
891 2774 962 2846 His
984 2773 1081 2847 enim
1098 2774 1257 2848 versibus
1279 2777 1465 2849 absentem
1490 2801 1565 2849 ma·

511 2897 603 2960 trem
622 2888 778 2983 adpellat
789 2890 935 2984 juvenis
951 2890 1048 2962 inter
1063 2913 1165 2962 arma
1181 2893 1355 2976 moriens;

598 3014 721 3102 Etjam
735 3037 817 3102 pone
832 3028 950 3079 metus:
973 3015 1093 3079 frustra
1105 3014 1146 3079 de
1159 3013 1238 3079 oolle
1253 3013 1363 3102 Lyooei

598 3117 703 3183 Anxia
717 3131 909 3205 prospectas,
924 3116 949 3181 si
964 3116 1037 3203 quis
1050 3139 1108 3204 per
1122 3116 1231 3182 nubila
1244 3116 1339 3204 longe

598 3221 666 3285 Aut
681 3242 787 3300 sonus,
800 3236 857 3284 aut
871 3232 979 3283 nostro
993 3218 1137 3284 sublatus
1150 3219 1192 3284 ab
1205 3218 1330 3306 agmine
1343 3217 1459 3308 pulvis.

599 3320 751 3410 Frigidus
764 3322 797 3385 in
812 3320 900 3386 nuda
908 3322 1000 3408 jaceo
1015 3319 1139 3401 tellure,
1154 3344 1212 3386 nee
1227 3343 1361 3408 usquam

595 3423 649 3486 Tu
664 3444 773 3510 prope,
789 3446 862 3510 quae
877 3423 986 3488 vultus
1000 3423 1199 3511 efflantiaque
1212 3447 1268 3488 ora
1282 3439 1413 3488 teneres.

412 3507 417 3514 ’
511 3533 651 3615 Quibus
668 3532 791 3603 statim
814 3533 1026 3628 adjungitur
1046 3534 1143 3628 quod
1165 3544 1282 3605 totam
1304 3533 1373 3605 loci
1389 3533 1466 3604 vim
1489 3540 1567 3606 cor·

511 3648 648 3740 rumpit
663 3646 806 3742 penitus
823 3659 861 3720 et
877 3649 925 3720 ad
941 3649 1054 3721 risum
1071 3650 1260 3721 convertit.

516 3855 520 3862 ι
557 3770 655 3834 Hunc
671 3782 786 3847 tamen,
802 3769 879 3835 orba
892 3793 1016 3858 parens,
1032 3772 1149 3836 crinem
1165 3771 1356 3858 (dextraque
1370 3770 1540 3835 secandum

557 3870 713 3957 Praebuit)
729 3871 815 3937 hunc
829 3885 898 3939 toto
911 3873 1014 3962 capies
1028 3897 1087 3963 pro
1101 3897 1232 3962 eorpore
1247 3873 1376 3952 crinem,

555 3975 685 4040 Caruere
697 3977 932 4063 qiaemsmtra
946 3999 994 4042 ma
1006 3977 1202 4066 dadigvaoote
1215 3977 1345 4042 solabor.

1225 4080 1342 4142 Trana.
1359 4079 1429 4143 IX.
1445 4080 1520 4148 895.
