3559 5575
1022 87 1155 152 338
1703 81 1947 146 PARS
1995 78 2439 145 SECUNDA
2595 79 2822 145 Pnat.
2858 80 3154 148 XXVI.

1022 252 1377 331 efficacius
1410 257 1658 326 multo·
1674 265 1807 337 est,
1842 264 1918 327 et
1952 253 2181 325 menti
2214 252 2471 326 fortius
2503 252 2815 325 inhaeret
2850 276 3161 347 prover-

940 363 954 373 ’
1022 373 1222 449 bium
1266 371 1448 442 illud
1478 370 1901 451 Arabicum,
1948 365 2275 438 Verbum
2326 364 2510 439 lacti
2558 364 2799 438 simile
2849 376 2993 453 est,
3028 391 3159 440 re-

1022 484 1216 557 verti
1239 482 1514 580 nequit,
1534 508 1753 580 quam
1779 485 1971 556 exile
1997 483 2286 585 Horatii
2307 484 2382 555 in
2410 483 2628 556 simili
2653 507 2733 556 re
2758 483 3156 572 monitum,

1022 600 1301 677 Nescit
1330 625 1472 674 vox
1505 600 1735 672 missa
1769 598 2072 675 reverti.

1121 718 1540 802 Quinetiam
1584 716 1660 788 in
1699 717 2106 813 Tragoediis
2158 717 2354 789 dicto
2404 740 2598 809 saepe
2646 719 2858 789 affert
2902 719 3150 790 lucem

1021 847 1098 907 et
1129 835 1422 929 quidem
1458 833 1913 929 dig-nitatem,
1949 832 2308 928 peregrini
2341 832 2616 927 aliquid
2648 857 2813 904 cum
2849 835 3151 927 propria

1021 975 1101 1023 re
1135 952 1592 1045 conjungere,
1628 949 1842 1020 modo
1876 972 1969 1019 ne
2002 949 2080 1018 in
2115 949 2414 1043 vulgare
2446 947 2792 1042 quiddam
2832 959 2964 1021 aut
3000 950 3150 1022 vile

1022 1065 1431 1137 descendas,
1519 1063 1638 1136 Sic
1670 1063 1899 1135 fidelis
1933 1063 2206 1135 amicus
2240 1064 2496 1157 quanti
2530 1064 2624 1135 sit
2656 1066 3149 1158 pulcherrime

1024 1181 1372 1275 exprimit
1405 1181 1717 1265 Orestes,

1720 1297 1942 1367 Πιστὸς
1972 1294 2027 1354 ἐν
2057 1296 2251 1367 κακοῖς
2280 1297 2414 1376 ἀνὴρ

1198 1395 1491 1481 Κρείσσων
1519 1394 1767 1481 γαλήνης
1796 1393 2138 1459 ναυτίλοισιν
2167 1399 2406 1481 εἰσ-ορᾷν.
2603 1394 2872 1459 OREST.
2899 1395 3054 1462 717.

1022 1516 1129 1588 Et
1166 1515 1526 1608 Polynicis
1576 1538 1878 1588 aureum
1930 1525 2041 1588 est
2086 1514 2364 1590 dictum
2424 1515 2517 1587 de
2563 1516 2870 1589 veritate
2920 1515 3150 1589 simili

1022 1629 1323 1700 artificio
1353 1628 1811 1701 instructum.

1192 1746 1440 1816 Ἀπλοῢς
1471 1747 1496 1804 ὁ
1524 1743 1691 1825 μῦθος
1721 1748 1817 1819 τῆς
1846 1741 2106 1820 ἀληθείας
2136 1742 2259 1826 ἔφυ,

1196 1847 1314 1908 Κού
1338 1844 1605 1908 ποικίλων
1633 1846 1714 1907 δεῖ
1739 1850 1815 1908 τοὶ
1833 1844 2000 1929 1“’νδιχ’
2030 1843 2471 1931 ἑρμηνευμάτων·

1183 1943 1364 2032 Ἔχει
1393 1951 1515 2033 γὰρ
1546 1948 1697 2010 αὐτὰ
1727 1944 1936 2032 καιρόν.
1970 1950 1997 2008 ὅ
2028 1947 2071 2008 δ’
2103 1944 2292 2020 ἄδικος
2320 1946 2517 2031 λόγος,

1194 2051 1495 2116 ΝΟΣΩΝ
1527 2052 1643 2111 ΕΝ
1672 2051 1922 2136 ΑΤΤῼ,
1946 2051 2423 2112 ΦΑΡΜΑΚΩΝ
2457 2051 2628 2112 δεῖται
2659 2055 2865 2129 σοφῶν.

2414 2150 2596 2214 Eun.
2628 2149 2864 2214 Pam-N.
2901 2151 3051 2218 475.

1119 2254 1232 2327 At
1255 2255 1510 2328 Satirae
1544 2255 1941 2348 praesertim
1973 2265 2048 2326 et
2068 2254 2431 2326 Didactici
2459 2254 2793 2327 carminis
2818 2257 2898 2327 id
2924 2280 3142 2329 omne

1021 2382 1132 2443 est
1181 2373 1273 2443 de
1322 2392 1464 2465 quo
1506 2373 1664 2466 jam
1721 2372 2087 2467 loquimur
2134 2371 2721 2445 instrumentum.
2825 2373 2934 2445 Et
2976 2397 3143 2466 pro-

1019 2487 1210 2557 fecto
1245 2486 1307 2556 si
1330 2486 1490 2580 quis
1520 2511 1769 2559 causas
1796 2487 2170 2559 interiores
2196 2490 2583 2581 expendat,
2605 2514 2732 2561 cur
2759 2490 3142 2561 sententiis

1019 2603 1446 2694 percellatur
1471 2603 1778 2690 animus,
1809 2626 1952 2675 non
1988 2613 2278 2675 tantum
2305 2601 2676 2675 Essentt'a
2699 2605 2827 2693 rei,
2852 2616 2932 2677 ut
2958 2606 3143 2677 Dia·

1018 2717 1255 2790 lectici
1300 2719 1716 2813 loquuntur,
1761 2718 1839 2790 id
1887 2719 2069 2792 effici
2114 2718 2484 2804 fatebitur,
2517 2729 2873 2815 quantum
2906 2717 3140 2793 Acci-

1019 2829 1367 2905 dentibus
1430 2846 1504 2908 et
1561 2832 1995 2929 Adjunctis.
2098 2835 2289 2907 Sunt
2343 2835 2537 2907 enim
2606 2848 2734 2909 aut
2789 2837 3140 2909 antithesi

1018 2950 1304 3023 fortiter
1337 2952 1822 3035 communitae,
1858 2950 2043 3022 sicut
2075 2951 2257 3022 illud
2290 2950 2341 3021 J
2342 2952 2688 3040 uvenaIiS,

1195 3082 1284 3146 Et
1311 3096 1570 3170 propter
1595 3080 1790 3147 vitam
1822 3080 2076 3145 vivendi
2106 3079 2370 3168 perdere
2398 3104 2640 3159 causam,

2494 3185 2541 3247 J
2547 3206 2667 3250 nv·
2696 3184 2904 3249 VIII.
2932 3185 3044 3249 84.

1019 3312 1148 3375 aut
1183 3305 1616 3398 metaphoris
1656 3316 1731 3379 et
1766 3306 2000 3378 verbis
2044 3304 2572 3377 ardentioribus
2622 3315 3011 3398 conceptae,
3044 3315 3136 3378 ut

1020 3418 1095 3488 in
1131 3418 1269 3504 his,

1540 3528 1670 3595 Hic
1699 3531 1865 3619 nigri
1895 3556 2117 3598 succus
2144 3531 2439 3619 loliginis,
2470 3534 2607 3600 baec
2634 3548 2729 3598 est

1194 3632 1449 3719 AErugo
1478 3653 1669 3699 mera.
2296 3637 2477 3700 Hon.
2515 3638 2670 3701 SA‘r.
2705 3636 2765 3699 1.
2798 3636 2867 3714 4,
2892 3634 3044 3699 loo.

1884 3753 2084 3820 Tanti
2112 3753 2227 3819 tibi
2258 3778 2382 3820 non
2412 3755 2490 3821 sit
2518 3755 2697 3844 opaci

1193 3855 1415 3921 Omnis
1435 3878 1624 3921 arena
1651 3856 1843 3944 Tagi,
1874 3858 2177 3944 quodque
2208 3857 2274 3922 in
2305 3880 2475 3923 mare
2503 3857 2783 3923 volvitur
2808 3878 3066 3921 aurum.

2544 3962 2592 4024 J
2600 3981 2720 4027 nv.
2753 3960 2901 4024 III.
2930 3961 3043 4024 54.
