<?xml version="1.0" encoding="UTF-8"?>
<!DOCTYPE html PUBLIC "-//W3C//DTD XHTML 1.0 Transitional//EN"
    "http://www.w3.org/TR/xhtml1/DTD/xhtml1-transitional.dtd">
<html xmlns="http://www.w3.org/1999/xhtml" xml:lang="en" lang="en">
 <head>
  <title>
</title>
<meta http-equiv="Content-Type" content="text/html;charset=utf-8" />
  <meta name='ocr-system' content='tesseract 3.04.00' />
  <meta name='ocr-capabilities' content='ocr_page ocr_carea ocr_par ocr_line ocrx_word'/>
</head>
<body>
  <div class='ocr_page' id='page_1' title='image "./praelectionesac00coplgoog_0259.png"; bbox 0 0 3559 5575; ppageno 0'>
   <div class='ocr_carea' id='block_1_1' title="bbox 390 186 2504 260">
    <p class='ocr_par' dir='ltr' id='par_1_1' title="bbox 390 186 2504 260">
     <span class='ocr_line' id='line_1_1' title="bbox 390 186 2504 260; baseline 0.004 -10"><span class='ocrx_word' id='word_1_1' title='bbox 390 186 622 253; x_wconf 71' lang='lat' dir='ltr'><strong>Pam„</strong></span> <span class='ocrx_word' id='word_1_2' title='bbox 656 187 869 251; x_wconf 90' lang='lat' dir='ltr'>XIX.</span> <span class='ocrx_word' id='word_1_3' title='bbox 931 188 1180 253; x_wconf 87' lang='lat' dir='ltr'>PARS</span> <span class='ocrx_word' id='word_1_4' title='bbox 1211 187 1655 253; x_wconf 89' lang='lat' dir='ltr'>SECUNDA</span> <span class='ocrx_word' id='word_1_5' title='bbox 1685 189 1817 253; x_wconf 87' lang='lat' dir='ltr'><strong>DE</strong></span> <span class='ocrx_word' id='word_1_6' title='bbox 1852 188 2260 253; x_wconf 88' lang='lat' dir='ltr'><strong>AFFECT.</strong></span> <span class='ocrx_word' id='word_1_7' title='bbox 2372 192 2504 260; x_wconf 71' lang='lat'><strong>249</strong></span> 
     </span>
    </p>
   </div>
   <div class='ocr_carea' id='block_1_2' title="bbox 388 359 2512 1725">
    <p class='ocr_par' dir='ltr' id='par_1_2' title="bbox 388 359 2509 684">
     <span class='ocr_line' id='line_1_2' title="bbox 391 359 2507 456; baseline 0.001 -25"><span class='ocrx_word' id='word_1_8' title='bbox 391 359 466 431; x_wconf 90' lang='lat' dir='ltr'><strong>in</strong></span> <span class='ocrx_word' id='word_1_9' title='bbox 504 360 737 432; x_wconf 89' lang='lat' dir='ltr'><strong>aliena</strong></span> <span class='ocrx_word' id='word_1_10' title='bbox 769 370 846 431; x_wconf 91' lang='lat' dir='ltr'><strong>et</strong></span> <span class='ocrx_word' id='word_1_11' title='bbox 880 359 1128 431; x_wconf 85' lang='lat' dir='ltr'><strong>abdita</strong></span> <span class='ocrx_word' id='word_1_12' title='bbox 1158 370 1588 443; x_wconf 83' lang='lat' dir='ltr'><strong>excurrant3</strong></span> <span class='ocrx_word' id='word_1_13' title='bbox 1641 361 1836 455; x_wconf 91' lang='lat' dir='ltr'><strong>quod</strong></span> <span class='ocrx_word' id='word_1_14' title='bbox 1880 383 2050 430; x_wconf 86' lang='lat' dir='ltr'><strong>cum</strong></span> <span class='ocrx_word' id='word_1_15' title='bbox 2096 361 2365 456; x_wconf 91' lang='lat' dir='ltr'><strong>ubique</strong></span> <span class='ocrx_word' id='word_1_16' title='bbox 2412 361 2507 434; x_wconf 91' lang='lat' dir='ltr'><strong>sit</strong></span> 
     </span>
     <span class='ocr_line' id='line_1_3' title="bbox 388 475 2509 572; baseline 0.002 -26"><span class='ocrx_word' id='word_1_17' title='bbox 388 475 837 571; x_wconf 83' lang='lat' dir='ltr'><strong>fugiendum,</strong></span> <span class='ocrx_word' id='word_1_18' title='bbox 888 486 1047 547; x_wconf 88' lang='lat' dir='ltr'><strong>tum</strong></span> <span class='ocrx_word' id='word_1_19' title='bbox 1102 475 1408 568; x_wconf 82' lang='lat' dir='ltr'>pessime</span> <span class='ocrx_word' id='word_1_20' title='bbox 1460 486 1657 549; x_wconf 89' lang='lat' dir='ltr'><strong>certe</strong></span> <span class='ocrx_word' id='word_1_21' title='bbox 1703 475 1968 572; x_wconf 87' lang='lat' dir='ltr'><strong>agitur,</strong></span> <span class='ocrx_word' id='word_1_22' title='bbox 2016 475 2080 547; x_wconf 85' lang='lat' dir='ltr'><strong>si</strong></span> <span class='ocrx_word' id='word_1_23' title='bbox 2123 477 2200 548; x_wconf 90' lang='lat' dir='ltr'><strong>in</strong></span> <span class='ocrx_word' id='word_1_24' title='bbox 2251 500 2331 550; x_wconf 90' lang='lat' dir='ltr'><strong>re</strong></span> <span class='ocrx_word' id='word_1_25' title='bbox 2380 478 2509 550; x_wconf 86' lang='lat' dir='ltr'><strong>fiat</strong></span> 
     </span>
     <span class='ocr_line' id='line_1_4' title="bbox 389 589 1383 684; baseline 0.001 -24"><span class='ocrx_word' id='word_1_26' title='bbox 389 589 582 662; x_wconf 87' lang='lat' dir='ltr'><strong>tristi</strong></span> <span class='ocrx_word' id='word_1_27' title='bbox 614 601 689 664; x_wconf 90' lang='lat' dir='ltr'><strong>et</strong></span> <span class='ocrx_word' id='word_1_28' title='bbox 723 592 1116 663; x_wconf 87' lang='lat' dir='ltr'><strong>affectuum</strong></span> <span class='ocrx_word' id='word_1_29' title='bbox 1150 593 1383 684; x_wconf 90' lang='lat' dir='ltr'><strong>plena.</strong></span> 
     </span>
    </p>

    <p class='ocr_par' dir='ltr' id='par_1_3' title="bbox 389 705 2512 1378">
     <span class='ocr_line' id='line_1_5' title="bbox 491 705 2509 802; baseline 0.003 -26"><span class='ocrx_word' id='word_1_30' title='bbox 491 706 815 778; x_wconf 90' lang='lat' dir='ltr'><strong>Multum</strong></span> <span class='ocrx_word' id='word_1_31' title='bbox 865 730 1017 778; x_wconf 89' lang='lat' dir='ltr'><strong>esse</strong></span> <span class='ocrx_word' id='word_1_32' title='bbox 1066 705 1146 776; x_wconf 92' lang='lat' dir='ltr'><strong>in</strong></span> <span class='ocrx_word' id='word_1_33' title='bbox 1196 708 1332 785; x_wconf 88' lang='lat' dir='ltr'><strong>hoc</strong></span> <span class='ocrx_word' id='word_1_34' title='bbox 1379 706 1556 778; x_wconf 86' lang='lat' dir='ltr'><strong>vitio</strong></span> <span class='ocrx_word' id='word_1_35' title='bbox 1607 707 1988 777; x_wconf 81' lang='lat' dir='ltr'><strong>Lucanum</strong></span> <span class='ocrx_word' id='word_1_36' title='bbox 2043 731 2138 779; x_wconf 85' lang='lat' dir='ltr'><strong>ex</strong></span> <span class='ocrx_word' id='word_1_37' title='bbox 2188 707 2509 802; x_wconf 88' lang='lat' dir='ltr'><strong>quolibet</strong></span> 
     </span>
     <span class='ocr_line' id='line_1_6' title="bbox 393 821 2509 916; baseline 0.002 -25"><span class='ocrx_word' id='word_1_38' title='bbox 393 821 786 893; x_wconf 74' lang='lat' dir='ltr'><strong>Pharsaliae</strong></span> <span class='ocrx_word' id='word_1_39' title='bbox 819 822 1004 892; x_wconf 87' lang='lat' dir='ltr'><strong>libro</strong></span> <span class='ocrx_word' id='word_1_40' title='bbox 1038 822 1321 892; x_wconf 88' lang='lat' dir='ltr'><strong>abunde</strong></span> <span class='ocrx_word' id='word_1_41' title='bbox 1352 831 1654 893; x_wconf 88' lang='lat' dir='ltr'><strong>constat.</strong></span> <span class='ocrx_word' id='word_1_42' title='bbox 1760 822 2243 916; x_wconf 67' lang='lat' dir='ltr'><strong>Philosophiae</strong></span> <span class='ocrx_word' id='word_1_43' title='bbox 2295 824 2509 896; x_wconf 90' lang='lat' dir='ltr'><strong>nimi-</strong></span> 
     </span>
     <span class='ocr_line' id='line_1_7' title="bbox 391 936 2508 1034; baseline 0.002 -27"><span class='ocrx_word' id='word_1_44' title='bbox 391 959 557 1007; x_wconf 91' lang='lat' dir='ltr'><strong>rum</strong></span> <span class='ocrx_word' id='word_1_45' title='bbox 592 960 743 1008; x_wconf 85' lang='lat' dir='ltr'><strong>suae</strong></span> <span class='ocrx_word' id='word_1_46' title='bbox 776 948 852 1008; x_wconf 92' lang='lat' dir='ltr'><strong>et</strong></span> <span class='ocrx_word' id='word_1_47' title='bbox 884 936 1280 1008; x_wconf 87' lang='lat' dir='ltr'><strong>disserendi</strong></span> <span class='ocrx_word' id='word_1_48' title='bbox 1312 936 1614 1031; x_wconf 87' lang='lat' dir='ltr'><strong>argutiis</strong></span> <span class='ocrx_word' id='word_1_49' title='bbox 1649 936 1914 1030; x_wconf 90' lang='lat' dir='ltr'><strong>ubique</strong></span> <span class='ocrx_word' id='word_1_50' title='bbox 1947 937 2296 1022; x_wconf 89' lang='lat' dir='ltr'><strong>intentus,</strong></span> <span class='ocrx_word' id='word_1_51' title='bbox 2329 939 2508 1034; x_wconf 91' lang='lat' dir='ltr'><strong>quid</strong></span> 
     </span>
     <span class='ocr_line' id='line_1_8' title="bbox 393 1048 2510 1149; baseline 0.002 -27"><span class='ocrx_word' id='word_1_52' title='bbox 393 1048 550 1123; x_wconf 78' lang='lat' dir='ltr'><strong>dici</strong></span> <span class='ocrx_word' id='word_1_53' title='bbox 568 1050 820 1149; x_wconf 71' lang='lat' dir='ltr'><strong>possit</strong></span> <span class='ocrx_word' id='word_1_54' title='bbox 848 1051 1080 1147; x_wconf 87' lang='lat' dir='ltr'><strong>magis</strong></span> <span class='ocrx_word' id='word_1_55' title='bbox 1113 1052 1385 1146; x_wconf 80' lang='lat' dir='ltr'>cogitat</span> <span class='ocrx_word' id='word_1_56' title='bbox 1401 1075 1635 1144; x_wconf 67' lang='lat' dir='ltr'><strong>‚quam</strong></span> <span class='ocrx_word' id='word_1_57' title='bbox 1669 1053 1847 1147; x_wconf 89' lang='lat' dir='ltr'><strong>quid</strong></span> <span class='ocrx_word' id='word_1_58' title='bbox 1881 1050 2156 1125; x_wconf 74' lang='lat' dir='ltr'><strong>dictum</strong></span> <span class='ocrx_word' id='word_1_59' title='bbox 2201 1051 2510 1136; x_wconf 82' lang='lat' dir='ltr'><strong>deceat,·</strong></span> 
     </span>
     <span class='ocr_line' id='line_1_9' title="bbox 393 1168 2512 1264; baseline 0 -23"><span class='ocrx_word' id='word_1_60' title='bbox 393 1178 470 1242; x_wconf 90' lang='lat' dir='ltr'><strong>et</strong></span> <span class='ocrx_word' id='word_1_61' title='bbox 508 1168 786 1264; x_wconf 88' lang='lat' dir='ltr'><strong>ingenii</strong></span> <span class='ocrx_word' id='word_1_62' title='bbox 829 1168 1194 1263; x_wconf 80' lang='lat' dir='ltr'><strong>quoddam</strong></span> <span class='ocrx_word' id='word_1_63' title='bbox 1245 1177 1609 1239; x_wconf 87' lang='lat' dir='ltr'><strong>certamen</strong></span> <span class='ocrx_word' id='word_1_64' title='bbox 1659 1168 1844 1240; x_wconf 90' lang='lat' dir='ltr'><strong>inire</strong></span> <span class='ocrx_word' id='word_1_65' title='bbox 1883 1178 2103 1253; x_wconf 89' lang='lat' dir='ltr'><strong>amat,</strong></span> <span class='ocrx_word' id='word_1_66' title='bbox 2136 1191 2279 1240; x_wconf 89' lang='lat' dir='ltr'><strong>non</strong></span> <span class='ocrx_word' id='word_1_67' title='bbox 2332 1172 2512 1242; x_wconf 86' lang='lat' dir='ltr'><strong>mol-</strong></span> 
     </span>
     <span class='ocr_line' id='line_1_10' title="bbox 389 1282 2276 1378; baseline 0 -23"><span class='ocrx_word' id='word_1_68' title='bbox 389 1283 525 1355; x_wconf 89' lang='lat' dir='ltr'><strong>lire</strong></span> <span class='ocrx_word' id='word_1_69' title='bbox 554 1294 808 1378; x_wconf 88' lang='lat' dir='ltr'><strong>pectus</strong></span> <span class='ocrx_word' id='word_1_70' title='bbox 840 1294 1061 1378; x_wconf 87' lang='lat' dir='ltr'><strong>atque</strong></span> <span class='ocrx_word' id='word_1_71' title='bbox 1093 1283 1190 1354; x_wconf 89' lang='lat' dir='ltr'><strong>ad</strong></span> <span class='ocrx_word' id='word_1_72' title='bbox 1221 1282 1564 1355; x_wconf 90' lang='lat' dir='ltr'><strong>intimum</strong></span> <span class='ocrx_word' id='word_1_73' title='bbox 1598 1307 1722 1354; x_wconf 90' lang='lat' dir='ltr'><strong>cor</strong></span> <span class='ocrx_word' id='word_1_74' title='bbox 1751 1283 1947 1355; x_wconf 85' lang='lat' dir='ltr'><strong>viam</strong></span> <span class='ocrx_word' id='word_1_75' title='bbox 1980 1284 2276 1377; x_wconf 89' lang='lat' dir='ltr'><strong>aperire.</strong></span> 
     </span>
    </p>

    <p class='ocr_par' dir='ltr' id='par_1_4' title="bbox 392 1398 2511 1725">
     <span class='ocr_line' id='line_1_11' title="bbox 493 1398 2511 1491; baseline 0.001 -20"><span class='ocrx_word' id='word_1_76' title='bbox 493 1400 711 1472; x_wconf 87' lang='lat' dir='ltr'><strong>Unde</strong></span> <span class='ocrx_word' id='word_1_77' title='bbox 745 1399 920 1471; x_wconf 86' lang='lat' dir='ltr'><strong>alias</strong></span> <span class='ocrx_word' id='word_1_78' title='bbox 956 1398 1285 1491; x_wconf 89' lang='lat' dir='ltr'><strong>Pompeii</strong></span> <span class='ocrx_word' id='word_1_79' title='bbox 1317 1399 1591 1471; x_wconf 86' lang='lat' dir='ltr'><strong>caedem</strong></span> <span class='ocrx_word' id='word_1_80' title='bbox 1626 1398 1739 1471; x_wconf 88' lang='lat' dir='ltr'><strong>his</strong></span> <span class='ocrx_word' id='word_1_81' title='bbox 1784 1400 2159 1472; x_wconf 82' lang='lat' dir='ltr'><strong>sententiis</strong></span> <span class='ocrx_word' id='word_1_82' title='bbox 2202 1399 2511 1473; x_wconf 89' lang='lat' dir='ltr'><strong>instruc-</strong></span> 
     </span>
     <span class='ocr_line' id='line_1_12' title="bbox 393 1514 2508 1609; baseline -0 -20"><span class='ocrx_word' id='word_1_83' title='bbox 393 1527 548 1589; x_wconf 88' lang='lat' dir='ltr'><strong>tam</strong></span> <span class='ocrx_word' id='word_1_84' title='bbox 586 1515 806 1588; x_wconf 86' lang='lat' dir='ltr'><strong>fuisse</strong></span> <span class='ocrx_word' id='word_1_85' title='bbox 850 1516 1250 1597; x_wconf 75' lang='lat' dir='ltr'><strong>credamuS,</strong></span> <span class='ocrx_word' id='word_1_86' title='bbox 1283 1537 1462 1608; x_wconf 87' lang='lat' dir='ltr'><strong>quas</strong></span> <span class='ocrx_word' id='word_1_87' title='bbox 1507 1535 1749 1586; x_wconf 89' lang='lat' dir='ltr'><strong>secum</strong></span> <span class='ocrx_word' id='word_1_88' title='bbox 1795 1514 1949 1608; x_wconf 89' lang='lat' dir='ltr'><strong>ipse</strong></span> <span class='ocrx_word' id='word_1_89' title='bbox 1987 1514 2146 1609; x_wconf 86' lang='lat' dir='ltr'><strong>jam</strong></span> <span class='ocrx_word' id='word_1_90' title='bbox 2195 1515 2508 1589; x_wconf 88' lang='lat' dir='ltr'><strong>moriens</strong></span> 
     </span>
     <span class='ocr_line' id='line_1_13' title="bbox 392 1629 1337 1725; baseline -0.003 -21"><span class='ocrx_word' id='word_1_91' title='bbox 392 1630 637 1704; x_wconf 89' lang='lat' dir='ltr'><strong>animo</strong></span> <span class='ocrx_word' id='word_1_92' title='bbox 671 1653 951 1704; x_wconf 86' lang='lat' dir='ltr'><strong>versare</strong></span> <span class='ocrx_word' id='word_1_93' title='bbox 983 1629 1282 1725; x_wconf 86' lang='lat' dir='ltr'><strong>fingitur</strong></span> <span class='ocrx_word' id='word_1_94' title='bbox 1301 1629 1337 1701; x_wconf 74' lang='grc' dir='ltr'>Ρ</span> 
     </span>
    </p>
   </div>
   <div class='ocr_carea' id='block_1_3' title="bbox 571 1756 2483 2964">
    <p class='ocr_par' dir='ltr' id='par_1_5' title="bbox 571 1756 2483 2964">
     <span class='ocr_line' id='line_1_14' title="bbox 1087 1756 1804 1824; baseline -0.003 -1"><span class='ocrx_word' id='word_1_95' title='bbox 1087 1760 1281 1823; x_wconf 88' lang='lat' dir='ltr'><strong>Nunc</strong></span> <span class='ocrx_word' id='word_1_96' title='bbox 1307 1756 1563 1824; x_wconf 82' lang='lat' dir='ltr'><strong>consule</strong></span> <span class='ocrx_word' id='word_1_97' title='bbox 1589 1756 1804 1822; x_wconf 65' lang='lat' dir='ltr'><strong>famae.</strong></span> 
     </span>
     <span class='ocr_line' id='line_1_15' title="bbox 571 1857 1985 1950; baseline -0.002 -25"><span class='ocrx_word' id='word_1_98' title='bbox 571 1862 740 1926; x_wconf 85' lang='lat' dir='ltr'><strong>Fata</strong></span> <span class='ocrx_word' id='word_1_99' title='bbox 762 1859 882 1926; x_wconf 88' lang='lat' dir='ltr'><strong>tibi</strong></span> <span class='ocrx_word' id='word_1_100' title='bbox 907 1859 1117 1948; x_wconf 81' lang='lat' dir='ltr'><strong>longoe</strong></span> <span class='ocrx_word' id='word_1_101' title='bbox 1145 1860 1472 1950; x_wconf 83' lang='lat' dir='ltr'><strong>fluxerunt</strong></span> <span class='ocrx_word' id='word_1_102' title='bbox 1500 1872 1787 1946; x_wconf 87' lang='lat' dir='ltr'><strong>tempora</strong></span> <span class='ocrx_word' id='word_1_103' title='bbox 1813 1857 1985 1923; x_wconf 82' lang='lat' dir='ltr'><strong>vitae.</strong></span> 
     </span>
     <span class='ocr_line' id='line_1_16' title="bbox 573 1958 2034 2050; baseline -0.003 -22"><span class='ocrx_word' id='word_1_104' title='bbox 573 1963 884 2050; x_wconf 82' lang='lat' dir='ltr'><strong>Ignorant</strong></span> <span class='ocrx_word' id='word_1_105' title='bbox 909 1961 1133 2050; x_wconf 89' lang='lat' dir='ltr'><strong>populi</strong></span> <span class='ocrx_word' id='word_1_106' title='bbox 1163 1962 1216 2027; x_wconf 86' lang='lat' dir='ltr'><strong>si</strong></span> <span class='ocrx_word' id='word_1_107' title='bbox 1243 1985 1371 2027; x_wconf 91' lang='lat' dir='ltr'><strong>non</strong></span> <span class='ocrx_word' id='word_1_108' title='bbox 1399 1962 1466 2025; x_wconf 89' lang='lat' dir='ltr'><strong>in</strong></span> <span class='ocrx_word' id='word_1_109' title='bbox 1494 1975 1697 2026; x_wconf 87' lang='lat' dir='ltr'><strong>morte</strong></span> <span class='ocrx_word' id='word_1_110' title='bbox 1727 1958 2034 2047; x_wconf 86' lang='lat' dir='ltr'><strong>probaris,</strong></span> 
     </span>
     <span class='ocr_line' id='line_1_17' title="bbox 574 2060 1998 2151; baseline -0.003 -22"><span class='ocrx_word' id='word_1_111' title='bbox 574 2067 686 2129; x_wconf 90' lang='lat' dir='ltr'><strong>An</strong></span> <span class='ocrx_word' id='word_1_112' title='bbox 716 2064 924 2129; x_wconf 87' lang='lat' dir='ltr'><strong>scieris</strong></span> <span class='ocrx_word' id='word_1_113' title='bbox 951 2064 1214 2129; x_wconf 87' lang='lat' dir='ltr'><strong>adversa</strong></span> <span class='ocrx_word' id='word_1_114' title='bbox 1238 2063 1405 2151; x_wconf 86' lang='lat' dir='ltr'><strong>pati:</strong></span> <span class='ocrx_word' id='word_1_115' title='bbox 1453 2085 1534 2127; x_wconf 93' lang='lat' dir='ltr'><strong>ne</strong></span> <span class='ocrx_word' id='word_1_116' title='bbox 1563 2062 1715 2127; x_wconf 89' lang='lat' dir='ltr'><strong>cede</strong></span> <span class='ocrx_word' id='word_1_117' title='bbox 1741 2060 1998 2149; x_wconf 90' lang='lat' dir='ltr'><strong>pudori,</strong></span> 
     </span>
     <span class='ocr_line' id='line_1_18' title="bbox 573 2164 2091 2256; baseline -0.004 -22"><span class='ocrx_word' id='word_1_118' title='bbox 573 2173 1055 2256; x_wconf 68' lang='lat' dir='ltr'><strong>Auctoremque</strong></span> <span class='ocrx_word' id='word_1_119' title='bbox 1083 2167 1228 2232; x_wconf 90' lang='lat' dir='ltr'><strong>dole</strong></span> <span class='ocrx_word' id='word_1_120' title='bbox 1258 2168 1406 2232; x_wconf 87' lang='lat' dir='ltr'><strong>fati:</strong></span> <span class='ocrx_word' id='word_1_121' title='bbox 1455 2188 1837 2254; x_wconf 86' lang='lat' dir='ltr'><strong>quacunque</strong></span> <span class='ocrx_word' id='word_1_122' title='bbox 1865 2164 2091 2245; x_wconf 46' lang='lat' dir='ltr'><strong>feriri&amp;</strong></span> 
     </span>
     <span class='ocr_line' id='line_1_19' title="bbox 575 2264 2437 2358; baseline -0.001 -25"><span class='ocrx_word' id='word_1_123' title='bbox 575 2268 780 2334; x_wconf 87' lang='lat' dir='ltr'><strong>Crede</strong></span> <span class='ocrx_word' id='word_1_124' title='bbox 810 2291 1068 2333; x_wconf 89' lang='lat' dir='ltr'><strong>manum</strong></span> <span class='ocrx_word' id='word_1_125' title='bbox 1100 2269 1312 2334; x_wconf 88' lang='lat' dir='ltr'><strong>soceri.</strong></span> <span class='ocrx_word' id='word_1_126' title='bbox 1407 2270 1746 2358; x_wconf 81' lang='lat' dir='ltr'><strong>Spargant,</strong></span> <span class='ocrx_word' id='word_1_127' title='bbox 1776 2266 2177 2354; x_wconf 75' lang='lat' dir='ltr'><strong>lacerentque</strong></span> <span class='ocrx_word' id='word_1_128' title='bbox 2204 2264 2437 2347; x_wconf 86' lang='lat' dir='ltr'><strong>licebit,</strong></span> 
     </span>
     <span class='ocr_line' id='line_1_20' title="bbox 577 2368 2217 2458; baseline -0.001 -22"><span class='ocrx_word' id='word_1_129' title='bbox 577 2373 736 2436; x_wconf 88' lang='lat' dir='ltr'><strong>Sum</strong></span> <span class='ocrx_word' id='word_1_130' title='bbox 768 2383 1000 2450; x_wconf 85' lang='lat' dir='ltr'><strong>tamen,</strong></span> <span class='ocrx_word' id='word_1_131' title='bbox 1031 2372 1072 2436; x_wconf 83' lang='lat'>6</span> <span class='ocrx_word' id='word_1_132' title='bbox 1105 2370 1357 2458; x_wconf 88' lang='lat' dir='ltr'><strong>Superi,</strong></span> <span class='ocrx_word' id='word_1_133' title='bbox 1386 2368 1579 2444; x_wconf 83' lang='lat' dir='ltr'><strong>felix;</strong></span> <span class='ocrx_word' id='word_1_134' title='bbox 1627 2368 1914 2456; x_wconf 82' lang='lat' dir='ltr'><strong>nullique</strong></span> <span class='ocrx_word' id='word_1_135' title='bbox 1942 2381 2217 2456; x_wconf 83' lang='lat' dir='ltr'><strong>potestas</strong></span> 
     </span>
     <span class='ocr_line' id='line_1_21' title="bbox 576 2471 2149 2560; baseline -0.001 -22"><span class='ocrx_word' id='word_1_136' title='bbox 576 2475 726 2538; x_wconf 92' lang='lat' dir='ltr'><strong>Hoc</strong></span> <span class='ocrx_word' id='word_1_137' title='bbox 754 2472 1002 2538; x_wconf 85' lang='lat' dir='ltr'><strong>auferre</strong></span> <span class='ocrx_word' id='word_1_138' title='bbox 1032 2474 1193 2538; x_wconf 77' lang='lat' dir='ltr'><strong>Deo·</strong></span> <span class='ocrx_word' id='word_1_139' title='bbox 1284 2474 1632 2538; x_wconf 79' lang='lat' dir='ltr'><strong>Mutantur</strong></span> <span class='ocrx_word' id='word_1_140' title='bbox 1657 2494 1960 2560; x_wconf 84' lang='lat' dir='ltr'><strong>prospera</strong></span> <span class='ocrx_word' id='word_1_141' title='bbox 1986 2471 2149 2536; x_wconf 82' lang='lat' dir='ltr'><strong>vita:</strong></span> 
     </span>
     <span class='ocr_line' id='line_1_22' title="bbox 575 2574 2437 2658; baseline -0.001 -16"><span class='ocrx_word' id='word_1_142' title='bbox 575 2578 724 2642; x_wconf 88' lang='lat' dir='ltr'><strong>Non</strong></span> <span class='ocrx_word' id='word_1_143' title='bbox 753 2599 893 2641; x_wconf 88' lang='lat' dir='ltr'><strong>sum</strong></span> <span class='ocrx_word' id='word_1_144' title='bbox 923 2589 1124 2641; x_wconf 86' lang='lat' dir='ltr'><strong>morte</strong></span> <span class='ocrx_word' id='word_1_145' title='bbox 1151 2575 1360 2642; x_wconf 89' lang='lat' dir='ltr'><strong>miser.</strong></span> <span class='ocrx_word' id='word_1_146' title='bbox 1447 2575 1640 2640; x_wconf 85' lang='lat' dir='ltr'><strong>Videt</strong></span> <span class='ocrx_word' id='word_1_147' title='bbox 1663 2574 1829 2640; x_wconf 88' lang='lat' dir='ltr'><strong>hanc</strong></span> <span class='ocrx_word' id='word_1_148' title='bbox 1860 2574 2151 2640; x_wconf 86' lang='lat' dir='ltr'><strong>Cornelia</strong></span> <span class='ocrx_word' id='word_1_149' title='bbox 2177 2574 2437 2658; x_wconf 71' lang='lat' dir='ltr'><strong>caedem,</strong></span> 
     </span>
     <span class='ocr_line' id='line_1_23' title="bbox 576 2676 2044 2768; baseline -0.001 -24"><span class='ocrx_word' id='word_1_150' title='bbox 576 2679 1045 2768; x_wconf 79' lang='lat' dir='ltr'><strong>Pompeiusque</strong></span> <span class='ocrx_word' id='word_1_151' title='bbox 1072 2700 1286 2743; x_wconf 85' lang='lat' dir='ltr'><strong>meus:</strong></span> <span class='ocrx_word' id='word_1_152' title='bbox 1336 2690 1514 2744; x_wconf 82' lang='lat' dir='ltr'><strong>tanto</strong></span> <span class='ocrx_word' id='word_1_153' title='bbox 1539 2676 1883 2765; x_wconf 82' lang='lat' dir='ltr'><strong>patientius</strong></span> <span class='ocrx_word' id='word_1_154' title='bbox 1908 2699 2044 2743; x_wconf 84' lang='lat' dir='ltr'><strong>oro.</strong></span> 
     </span>
     <span class='ocr_line' id='line_1_24' title="bbox 576 2780 2483 2870; baseline 0 -23"><span class='ocrx_word' id='word_1_155' title='bbox 576 2781 818 2848; x_wconf 87' lang='lat' dir='ltr'><strong>Claude</strong></span> <span class='ocrx_word' id='word_1_156' title='bbox 843 2780 1026 2848; x_wconf 73' lang='lat' dir='ltr'><strong>dolor</strong></span> <span class='ocrx_word' id='word_1_157' title='bbox 1046 2780 1339 2870; x_wconf 86' lang='lat' dir='ltr'><strong>gemitus.</strong></span> <span class='ocrx_word' id='word_1_158' title='bbox 1429 2782 1662 2860; x_wconf 87' lang='lat' dir='ltr'><strong>Natus,</strong></span> <span class='ocrx_word' id='word_1_159' title='bbox 1690 2780 2055 2868; x_wconf 81' lang='lat' dir='ltr'><strong>conjuxque</strong></span> <span class='ocrx_word' id='word_1_160' title='bbox 2081 2794 2483 2868; x_wconf 81' lang='lat' dir='ltr'><strong>peremptum</strong></span> 
     </span>
     <span class='ocr_line' id='line_1_25' title="bbox 580 2883 2422 2964; baseline 0 -14"><span class='ocrx_word' id='word_1_161' title='bbox 580 2885 647 2950; x_wconf 91' lang='lat' dir='ltr'><strong>Si</strong></span> <span class='ocrx_word' id='word_1_162' title='bbox 677 2886 1005 2964; x_wconf 83' lang='lat' dir='ltr'><strong>mirantur,</strong></span> <span class='ocrx_word' id='word_1_163' title='bbox 1034 2898 1267 2951; x_wconf 89' lang='lat' dir='ltr'><strong>amant.</strong></span> <span class='ocrx_word' id='word_1_164' title='bbox 1736 2884 2001 2948; x_wconf 66' lang='lat' dir='ltr'><strong>Pnaas.</strong></span> <span class='ocrx_word' id='word_1_165' title='bbox 2032 2884 2240 2950; x_wconf 89' lang='lat' dir='ltr'><strong>VIII.</strong></span> <span class='ocrx_word' id='word_1_166' title='bbox 2269 2883 2422 2950; x_wconf 77' lang='lat'><strong>624.</strong></span> 
     </span>
    </p>
   </div>
   <div class='ocr_carea' id='block_1_4' title="bbox 398 3011 2514 4145">
    <p class='ocr_par' dir='ltr' id='par_1_6' title="bbox 398 3011 2514 3803">
     <span class='ocr_line' id='line_1_26' title="bbox 403 3011 2510 3106; baseline -0.001 -21"><span class='ocrx_word' id='word_1_167' title='bbox 403 3013 534 3085; x_wconf 86' lang='lat' dir='ltr'><strong>Sin</strong></span> <span class='ocrx_word' id='word_1_168' title='bbox 582 3022 826 3084; x_wconf 88' lang='lat' dir='ltr'><strong>autem</strong></span> <span class='ocrx_word' id='word_1_169' title='bbox 875 3012 1036 3106; x_wconf 86' lang='lat' dir='ltr'><strong>quis</strong></span> <span class='ocrx_word' id='word_1_170' title='bbox 1082 3013 1214 3084; x_wconf 87' lang='lat' dir='ltr'><strong>has</strong></span> <span class='ocrx_word' id='word_1_171' title='bbox 1255 3012 1655 3084; x_wconf 87' lang='lat' dir='ltr'><strong>sententias</strong></span> <span class='ocrx_word' id='word_1_172' title='bbox 1702 3034 1789 3083; x_wconf 92' lang='lat' dir='ltr'><strong>eo</strong></span> <span class='ocrx_word' id='word_1_173' title='bbox 1821 3011 2114 3083; x_wconf 90' lang='lat' dir='ltr'><strong>nomine</strong></span> <span class='ocrx_word' id='word_1_174' title='bbox 2141 3011 2510 3096; x_wconf 82' lang='lat' dir='ltr'><strong>defendat,</strong></span> 
     </span>
     <span class='ocr_line' id='line_1_27' title="bbox 404 3125 2514 3223; baseline 0 -23"><span class='ocrx_word' id='word_1_175' title='bbox 404 3129 601 3223; x_wconf 88' lang='lat' dir='ltr'><strong>quod</strong></span> <span class='ocrx_word' id='word_1_176' title='bbox 631 3127 995 3200; x_wconf 83' lang='lat' dir='ltr'><strong>interfecti</strong></span> <span class='ocrx_word' id='word_1_177' title='bbox 1025 3127 1251 3199; x_wconf 85' lang='lat' dir='ltr'><strong>Ducis</strong></span> <span class='ocrx_word' id='word_1_178' title='bbox 1284 3126 1599 3199; x_wconf 87' lang='lat' dir='ltr'><strong>moribus</strong></span> <span class='ocrx_word' id='word_1_179' title='bbox 1632 3126 2086 3214; x_wconf 86' lang='lat' dir='ltr'><strong>conveniant,</strong></span> <span class='ocrx_word' id='word_1_180' title='bbox 2118 3136 2371 3219; x_wconf 85' lang='lat' dir='ltr'><strong>utpote</strong></span> <span class='ocrx_word' id='word_1_181' title='bbox 2402 3125 2514 3200; x_wconf 86' lang='lat' dir='ltr'><strong>iu-</strong></span> 
     </span>
     <span class='ocr_line' id='line_1_28' title="bbox 401 3241 2511 3337; baseline -0 -20"><span class='ocrx_word' id='word_1_182' title='bbox 401 3244 728 3317; x_wconf 85' lang='lat' dir='ltr'><strong>concussi</strong></span> <span class='ocrx_word' id='word_1_183' title='bbox 761 3241 969 3314; x_wconf 88' lang='lat' dir='ltr'><strong>malis</strong></span> <span class='ocrx_word' id='word_1_184' title='bbox 1003 3252 1078 3315; x_wconf 92' lang='lat' dir='ltr'><strong>et</strong></span> <span class='ocrx_word' id='word_1_185' title='bbox 1111 3243 1203 3315; x_wconf 91' lang='lat' dir='ltr'><strong>de</strong></span> <span class='ocrx_word' id='word_1_186' title='bbox 1237 3254 1433 3316; x_wconf 87' lang='lat' dir='ltr'><strong>statu</strong></span> <span class='ocrx_word' id='word_1_187' title='bbox 1466 3242 1762 3315; x_wconf 89' lang='lat' dir='ltr'><strong>minime</strong></span> <span class='ocrx_word' id='word_1_188' title='bbox 1796 3243 2200 3325; x_wconf 86' lang='lat' dir='ltr'><strong>deturbati;</strong></span> <span class='ocrx_word' id='word_1_189' title='bbox 2234 3254 2313 3314; x_wconf 92' lang='lat' dir='ltr'><strong>at</strong></span> <span class='ocrx_word' id='word_1_190' title='bbox 2345 3266 2511 3337; x_wconf 86' lang='lat' dir='ltr'><strong>quae</strong></span> 
     </span>
     <span class='ocr_line' id='line_1_29' title="bbox 398 3359 2510 3453; baseline 0.001 -21"><span class='ocrx_word' id='word_1_191' title='bbox 398 3372 616 3453; x_wconf 86' lang='lat' dir='ltr'><strong>poeta</strong></span> <span class='ocrx_word' id='word_1_192' title='bbox 646 3360 802 3453; x_wconf 87' lang='lat' dir='ltr'><strong>ipse</strong></span> <span class='ocrx_word' id='word_1_193' title='bbox 826 3359 1136 3431; x_wconf 87' lang='lat' dir='ltr'><strong>effundit</strong></span> <span class='ocrx_word' id='word_1_194' title='bbox 1159 3370 1322 3453; x_wconf 85' lang='lat' dir='ltr'><strong>post</strong></span> <span class='ocrx_word' id='word_1_195' title='bbox 1348 3359 1833 3432; x_wconf 86' lang='lat' dir='ltr'><strong>Pharsalicam</strong></span> <span class='ocrx_word' id='word_1_196' title='bbox 1868 3359 2143 3432; x_wconf 89' lang='lat' dir='ltr'><strong>cladem</strong></span> <span class='ocrx_word' id='word_1_197' title='bbox 2178 3370 2510 3434; x_wconf 87' lang='lat' dir='ltr'><strong>accurate</strong></span> 
     </span>
     <span class='ocr_line' id='line_1_30' title="bbox 401 3475 2508 3568; baseline -0 -19"><span class='ocrx_word' id='word_1_198' title='bbox 401 3476 789 3549; x_wconf 85' lang='lat' dir='ltr'><strong>admodum</strong></span> <span class='ocrx_word' id='word_1_199' title='bbox 825 3475 1257 3568; x_wconf 81' lang='lat' dir='ltr'><strong>descriptam</strong></span> <span class='ocrx_word' id='word_1_200' title='bbox 1282 3476 1492 3548; x_wconf 86' lang='lat' dir='ltr'><strong>venia</strong></span> <span class='ocrx_word' id='word_1_201' title='bbox 1523 3476 1663 3548; x_wconf 84' lang='lat' dir='ltr'><strong>ista</strong></span> <span class='ocrx_word' id='word_1_202' title='bbox 1696 3476 1990 3548; x_wconf 89' lang='lat' dir='ltr'><strong>omnino</strong></span> <span class='ocrx_word' id='word_1_203' title='bbox 2021 3485 2264 3548; x_wconf 88' lang='lat' dir='ltr'><strong>carent</strong></span> <span class='ocrx_word' id='word_1_204' title='bbox 2289 3499 2308 3557; x_wconf 79' lang='lat'>3</span> <span class='ocrx_word' id='word_1_205' title='bbox 2342 3498 2508 3548; x_wconf 89' lang='lat' dir='ltr'><strong>cum</strong></span> 
     </span>
     <span class='ocr_line' id='line_1_31' title="bbox 402 3592 2512 3689; baseline 0.001 -25"><span class='ocrx_word' id='word_1_206' title='bbox 402 3616 637 3688; x_wconf 88' lang='lat' dir='ltr'><strong>neque</strong></span> <span class='ocrx_word' id='word_1_207' title='bbox 668 3615 992 3686; x_wconf 84' lang='lat' dir='ltr'><strong>personae</strong></span> <span class='ocrx_word' id='word_1_208' title='bbox 1025 3592 1326 3689; x_wconf 89' lang='lat' dir='ltr'><strong>alicujus</strong></span> <span class='ocrx_word' id='word_1_209' title='bbox 1358 3592 1625 3665; x_wconf 84' lang='lat' dir='ltr'><strong>veritas</strong></span> <span class='ocrx_word' id='word_1_210' title='bbox 1656 3615 1891 3687; x_wconf 90' lang='lat' dir='ltr'><strong>neque</strong></span> <span class='ocrx_word' id='word_1_211' title='bbox 1922 3592 2027 3665; x_wconf 91' lang='lat' dir='ltr'><strong>rei</strong></span> <span class='ocrx_word' id='word_1_212' title='bbox 2059 3604 2322 3666; x_wconf 89' lang='lat' dir='ltr'><strong>natura</strong></span> <span class='ocrx_word' id='word_1_213' title='bbox 2352 3616 2512 3686; x_wconf 78' lang='lat' dir='ltr'><strong>pos-</strong></span> 
     </span>
     <span class='ocr_line' id='line_1_32' title="bbox 402 3700 2363 3803; baseline 0.001 -25"><span class='ocrx_word' id='word_1_214' title='bbox 402 3700 706 3793; x_wconf 56' lang='lat' dir='ltr'><strong>tulab‘aa</strong></span> <span class='ocrx_word' id='word_1_215' title='bbox 739 3715 824 3777; x_wconf 89' lang='lat' dir='ltr'><strong>ut</strong></span> <span class='ocrx_word' id='word_1_216' title='bbox 856 3705 933 3777; x_wconf 87' lang='lat' dir='ltr'><strong>in</strong></span> <span class='ocrx_word' id='word_1_217' title='bbox 967 3708 1126 3779; x_wconf 83' lang='lat' dir='ltr'><strong>haec</strong></span> <span class='ocrx_word' id='word_1_218' title='bbox 1155 3707 1421 3803; x_wconf 83' lang='lat' dir='ltr'><strong>frigida</strong></span> <span class='ocrx_word' id='word_1_219' title='bbox 1453 3731 1540 3780; x_wconf 88' lang='lat' dir='ltr'><strong>ac</strong></span> <span class='ocrx_word' id='word_1_220' title='bbox 1561 3709 1817 3802; x_wconf 77' lang='lat' dir='ltr'><strong>Jejuna</strong></span> <span class='ocrx_word' id='word_1_221' title='bbox 1850 3718 2363 3803; x_wconf 87' lang='lat' dir='ltr'><strong>prorumperet.</strong></span> 
     </span>
    </p>

    <p class='ocr_par' dir='ltr' id='par_1_7' title="bbox 576 3852 2035 3941">
     <span class='ocr_line' id='line_1_33' title="bbox 576 3852 2035 3941; baseline 0 -23"><span class='ocrx_word' id='word_1_222' title='bbox 576 3854 728 3918; x_wconf 90' lang='lat' dir='ltr'><strong>Non</strong></span> <span class='ocrx_word' id='word_1_223' title='bbox 755 3852 907 3918; x_wconf 82' lang='lat' dir='ltr'><strong>istas</strong></span> <span class='ocrx_word' id='word_1_224' title='bbox 930 3853 1155 3919; x_wconf 87' lang='lat' dir='ltr'><strong>habuit</strong></span> <span class='ocrx_word' id='word_1_225' title='bbox 1182 3876 1419 3941; x_wconf 86' lang='lat' dir='ltr'><strong>pugnae</strong></span> <span class='ocrx_word' id='word_1_226' title='bbox 1449 3852 1777 3918; x_wconf 84' lang='lat' dir='ltr'><strong>Pharsalia</strong></span> <span class='ocrx_word' id='word_1_227' title='bbox 1803 3868 2035 3941; x_wconf 85' lang='lat' dir='ltr'><strong>partes,</strong></span> 
     </span>
    </p>

    <p class='ocr_par' dir='ltr' id='par_1_8' title="bbox 580 3953 2001 4041">
     <span class='ocr_line' id='line_1_34' title="bbox 580 3953 2001 4041; baseline 0 -24"><span class='ocrx_word' id='word_1_228' title='bbox 580 3957 756 4033; x_wconf 68' lang='lat' dir='ltr'><strong>Quas</strong></span> <span class='ocrx_word' id='word_1_229' title='bbox 784 3953 924 4021; x_wconf 64' lang='lat' dir='ltr'><strong>alim</strong></span> <span class='ocrx_word' id='word_1_230' title='bbox 952 3957 1188 4021; x_wconf 66' lang='lat' dir='ltr'><strong>clades:</strong></span> <span class='ocrx_word' id='word_1_231' title='bbox 1240 3957 1364 4017; x_wconf 69' lang='lat' dir='ltr'><strong>illie</strong></span> <span class='ocrx_word' id='word_1_232' title='bbox 1392 3977 1508 4041; x_wconf 79' lang='lat' dir='ltr'><strong>per</strong></span> <span class='ocrx_word' id='word_1_233' title='bbox 1536 3957 1668 4017; x_wconf 67' lang='lat' dir='ltr'><strong>fata</strong></span> <span class='ocrx_word' id='word_1_234' title='bbox 1696 3957 2001 4029; x_wconf 62' lang='lat' dir='ltr'><strong>virorum,</strong></span> 
     </span>
    </p>

    <p class='ocr_par' dir='ltr' id='par_1_9' title="bbox 584 4057 2241 4145">
     <span class='ocr_line' id='line_1_35' title="bbox 584 4057 2241 4145; baseline -0.002 -24"><span class='ocrx_word' id='word_1_235' title='bbox 584 4057 712 4121; x_wconf 70' lang='lat' dir='ltr'><strong>Per</strong></span> <span class='ocrx_word' id='word_1_236' title='bbox 740 4057 1008 4145; x_wconf 61' lang='lat' dir='ltr'><strong>populna</strong></span> <span class='ocrx_word' id='word_1_237' title='bbox 1040 4057 1136 4121; x_wconf 76' lang='lat' dir='ltr'><strong>hic</strong></span> <span class='ocrx_word' id='word_1_238' title='bbox 1168 4057 1376 4121; x_wconf 75' lang='lat' dir='ltr'><strong>Roma</strong></span> <span class='ocrx_word' id='word_1_239' title='bbox 1407 4057 1600 4145; x_wconf 68' lang='lat' dir='ltr'><strong>perit:</strong></span> <span class='ocrx_word' id='word_1_240' title='bbox 1652 4057 1825 4145; x_wconf 74' lang='lat' dir='ltr'><strong>quud</strong></span> <span class='ocrx_word' id='word_1_241' title='bbox 1857 4057 2069 4121; x_wconf 67' lang='lat' dir='ltr'><strong>militis</strong></span> <span class='ocrx_word' id='word_1_242' title='bbox 2097 4057 2241 4133; x_wconf 64' lang='lat' dir='ltr'><strong>illia,</strong></span> 
     </span>
    </p>
   </div>
   <div class='ocr_carea' id='block_1_5' title="bbox 62 4438 3185 5568">
    <p class='ocr_par' dir='ltr' id='par_1_10' title="bbox 62 4438 3185 5568">
     <span class='ocr_line' id='line_1_36' title="bbox 62 4438 3185 5568; baseline 0 -102"><span class='ocrx_word' id='word_1_243' title='bbox 62 5058 63 5568; x_wconf 95' lang='lat' dir='ltr'><strong> </strong></span> <span class='ocrx_word' id='word_1_244' title='bbox 2967 4438 3185 5466; x_wconf 95' lang='lat' dir='ltr'><strong> </strong></span> 
     </span>
    </p>
   </div>
  </div>
 </body>
</html>
