3559 5575
384 66 614 172 P.²⁸¹'’
642 65 915 135 XXIV.
966 67 1210 133 PARS
1245 66 1687 131 SECUNDA
1722 67 1850 132 DE
1886 66 2293 132 AFFECT.
2369 68 2498 131 805

382 235 740 310 mirabiles
790 262 1066 310 amores
1117 239 1470 311 excitaret
1515 239 1646 313 sui.
1754 239 1955 310 Hinc
2001 239 2183 311 illud
2218 241 2499 313 Aristo-

381 355 544 426 telis
575 355 802 427 ferme
837 355 931 426 ad
966 354 1266 425 Pindari
1299 355 1817 426 sublimitatem
1853 377 2273 451 assurgens:

727 498 934 582 Ἀρετὰ
963 494 1319 582 πολύμοχθε,

728 596 883 660 Γᾶνει
911 595 1146 684 βροτείῳ

730 697 988 782 Θῆραμα
1017 697 1331 760 κάλλιστον
1361 698 1514 777 βίου,

730 797 856 872 Σᾶς
886 799 1034 884 πέρι,
1062 799 1312 886 παρθένε,
1339 807 1581 885 μορφᾶς,

736 900 854 962 Καὶ
886 901 1056 964 θανεῖν
1084 901 1325 984 ζηλωτὸς
1350 901 1596 966 Ἐλλάδι
1625 901 1861 983 πότμος.

490 1043 834 1116 Formam
867 1043 1097 1138 igitur
1124 1045 1313 1115 hanc
1345 1044 1657 1128 virtutis,
1690 1046 1799 1116 ita
1832 1046 2190 1117 coelestem
2233 1057 2309 1117 et
2341 1048 2505 1117 sub-

386 1160 593 1234 tilem
628 1171 712 1232 ut
748 1160 1164 1234 mortalium
1199 1159 1360 1231 visu
1393 1161 1902 1252 comprehendi
1940 1161 2066 1230 vix
2101 1172 2340 1255 queat,
2375 1162 2506 1232 ali-

386 1299 530 1370 qua
565 1285 815 1348 tamen
847 1299 941 1349 ex
968 1286 1173 1368 parte
1202 1276 1653 1360 adumbrare,
1681 1285 1756 1347 et
1779 1299 1933 1368 prae
1956 1276 2180 1348 oculis
2204 1278 2506 1347 aliorum

385 1391 777 1466 obtendere
811 1390 1099 1483 poterit,
1133 1390 1195 1462 si
1241 1391 1437 1483 prius
1484 1391 1637 1483 ipse
1682 1391 2006 1462 animum
2057 1392 2380 1463 sordibus
2431 1401 2507 1464 et

388 1506 586 1580 vitiis
616 1516 1007 1602 purgatum
1041 1506 1134 1579 ad
1169 1504 1501 1578 sublimia
1533 1515 1817 1578 contem
1822 1507 2089 1599 planda
2115 1515 2506 1589 assuescam

391 1622 452 1692 si
486 1622 921 1715 quotidianis
955 1646 1030 1693 se
1064 1621 1252 1692 curis
1287 1621 1562 1704 liberet,
1597 1630 1674 1693 et
1704 1645 2087 1716 generosos
2122 1646 2369 1693 omnes
2405 1623 2510 1693 af-

390 1737 622 1808 fectus
667 1739 875 1809 colat.
980 1736 1148 1807 Non
1201 1737 1394 1808 enim
1447 1737 1600 1807 sine
1655 1761 1874 1808 causa
1926 1739 2120 1829 apud
2174 1738 2508 1830 antiquos

393 1853 770 1945 scriptores
817 1853 1066 1924 habita
1110 1863 1220 1924 est
1262 1853 1590 1944 quaestio,
1623 1862 1872 1923 utrum
1908 1853 2188 1946 aliquiS,
2226 1853 2364 1923 nisi
2400 1853 2512 1922 vir

393 1969 643 2052 bonuS,
680 1969 944 2039 Orator
991 1978 1118 2039 aut
1160 1967 1387 2038 Poeta
1437 1967 1592 2037 fieri
1642 1978 1881 2059 posset
1930 1967 2128 2057 (licet
2179 1967 2510 2038 subtilius

392 2085 634 2177 paullo
701 2095 835 2167 est,
894 2084 1297 2154 scholarum
1361 2105 1581 2164 more,
1637 2082 2116 2177 disputatum)
2170 2083 2508 2176 quoniam

391 2199 472 2269 in
505 2208 811 2292 utraque
842 2198 1190 2269 facultate
1223 2196 1614 2289 plurimum
1648 2178 1916 2289 polleat
1952 2198 2243 2270 virtutis
2288 2199 2512 2293 signi-

393 2314 654 2397 ficatio,
706 2338 871 2407 quae
922 2313 1060 2384 nisi
1109 2312 1182 2383 in
1238 2314 1424 2384 bono
1468 2311 1622 2383 viro
1674 2336 1909 2406 neque
1967 2337 2216 2385 revera
2266 2314 2507 2400 inerit,

396 2452 627 2525 neque
662 2430 784 2500 diu
823 2429 1183 2501 videbitur
1214 2429 1465 2500 inesse.

497 2545 888 2618 Sententiis
920 2545 1145 2640 igitur
1177 2544 1264 2615 iis
1287 2546 1444 2638 jam
1479 2555 1648 2616 ante
1683 2545 2027 2638 expositis
2062 2570 2368 2639 quarum
2404 2549 2509 2619 vis

397 2659 709 2734 veritate
758 2662 1201 2734 enucleanda
1256 2661 1606 2732 contineri
1657 2661 1811 2732 visa
1865 2677 1998 2748 est,
2050 2665 2143 2734 ad
2201 2688 2320 2735 eas
2379 2689 2511 2735 nos

397 2779 710 2872 primum
761 2777 1234 2861 conferamus,
1281 2800 1444 2871 quae
1491 2773 1857 2849 excelsum
1904 2790 1981 2850 et
2024 2775 2335 2849 sublime
2384 2778 2513 2852 ali-

397 2895 574 2988 quid
621 2894 918 2986 spirant,
965 2916 1284 2985 quasque
1327 2892 1491 2963 ideo
1538 2893 1714 2963 dum
1766 2893 2024 2965 animis
2075 2898 2513 2987 contempla-

398 3034 587 3093 mur,
616 3019 825 3081 extra
849 3031 979 3079 nos
1007 3008 1177 3077 ferri
1203 3007 1553 3094 videmur,
1578 3018 1655 3078 et
1683 3029 1882 3078 sacro
1916 3007 2228 3100 quodam
2261 3010 2513 3082 ardore

400 3125 681 3217 corripi.
754 3121 1193 3217 Hujusmodi
1228 3130 1397 3191 sunt
1421 3142 1871 3213 quaecunque
1904 3121 1997 3191 ad
2029 3121 2330 3215 gloriam
2365 3124 2513 3196 sive

400 3250 829 3335 praesentem
866 3238 1014 3309 sive
1042 3237 1365 3308 futuram
1398 3235 1787 3328 pertinent,
1816 3259 1964 3307 rem
1993 3237 2317 3307 omnium
2350 3262 2517 3331 poe-

403 3366 639 3428 tarum
663 3355 940 3450 judicio
974 3378 1126 3447 prae
1153 3353 1327 3424 vitae
1354 3351 1556 3424 bonis
1590 3351 2037 3448 eligendam:
2075 3354 2267 3425 unde
2292 3355 2511 3426 etiam

404 3495 543 3543 non
579 3475 735 3546 leve
769 3494 1051 3565 quoque
1085 3469 1360 3564 petitur
1395 3468 1568 3539 artis
1603 3491 1754 3539 suae
1788 3469 2266 3563 praeconium:

576 3640 728 3704 Non
757 3638 951 3703 incisa
978 3637 1143 3702 notis
1171 3658 1483 3701 marmora
1512 3635 1803 3723 publiciS,

580 3743 708 3806 Per
735 3762 881 3828 quae
912 3739 1168 3827 spiritus
1197 3753 1260 3803 et
1290 3738 1421 3802 vita
1449 3737 1614 3803 redit
1642 3738 1825 3802 bonis

580 3846 738 3908 Post
764 3857 1032 3907 mortem
1060 3841 1367 3916 ducibus3
1416 3861 1543 3904 non
1572 3839 1802 3905 celeres
1829 3841 2025 3927 fugae,

579 3946 989 4033 Rejectaeque
1016 3956 1357 4008 retrorsum
1391 3941 1717 4015 Annibalis
1745 3941 1974 4015 mium

1436 4065 1496 4115 Χ
