3559 5575
1066 109 1198 172 354
1754 102 1998 168 PARS
2045 102 2491 168 SECUNDA
2607 102 2837 169 Pur..
2867 103 3194 169 XXVII.

1243 279 1497 363 Corpus
1522 297 1711 339 avara
1738 292 1947 340 tamen
1978 273 2339 339 solennibus
2364 273 2577 360 accipe
2605 274 2808 349 saxis3

1330 380 1626 464 Namque
1649 376 1921 441 animam
1951 376 2113 442 coelo
2140 375 2486 453 reddimus,
2514 399 2659 439 ossa
2687 375 2819 440 tibi.

2477 480 2808 542 mew.
2837 502 2905 566 p.
2935 482 3103 544 324.

1064 606 1483 699 Disciplinae
1535 617 1776 678 autem
1832 606 2203 677 sanctioris
2248 616 2428 691 erat,
2462 617 2537 677 et
2574 607 2897 678 veritatis
2949 610 3191 679 mani-

1063 722 1314 794 festius
1373 722 1780 815 patefactae,
1821 724 2096 816 justam
2148 722 2261 793 his
2312 724 2523 794 rebus
2580 725 2815 793 lucem
2876 723 3053 794 dare
3110 736 3187 795 et

1065 842 1370 910 colorem
1435 839 1823 931 proprium.
1929 838 2068 908 His
2118 838 2346 932 igitur
2396 838 2627 909 verbis
2680 839 2852 911 olim
2912 841 3185 912 affatus

1067 966 1178 1029 est
1212 956 1323 1026 vir
1356 957 1708 1048 sepultam
1743 956 2119 1050 conjugem
2151 981 2168 1025 :

1245 1094 1361 1157 Me
1390 1115 1560 1157 nunc
1587 1106 1839 1179 torquet
1866 1114 2075 1155 amor:
2123 1090 2239 1156 tibi
2269 1089 2463 1154 tristis
2491 1114 2645 1156 cura
2672 1093 2944 1173 recessit,

1327 1194 1722 1282 Lethaeoque
1740 1195 1914 1283 jaces
1939 1193 2192 1258 condita
2222 1193 2644 1282 Sarcophago.

2578 1299 2906 1361 szmw.
2936 1300 3095 1368 293.

1068 1428 1349 1499 Eadem
1387 1452 1555 1500 vero
1590 1429 1663 1499 in
1700 1428 2058 1500 sententia
2092 1428 2583 1500 Christianum
2617 1428 3020 1500 audiamus.

1242 1566 1352 1629 Tu
1383 1587 1603 1629 secura
1618 1565 1824 1650 jaces:
1869 1564 2107 1651 liquisti
2134 1578 2337 1630 morte
2363 1564 2672 1652 querelas.

1244 1667 1561 1746 Praecesti‚
1592 1666 1939 1754 hospitium
1968 1667 2154 1732 dulce
2184 1690 2404 1755 parare
2434 1667 2580 1732 tuis.

1646 1771 2007 1834 Fissus-1⁸1⁸.
2040 1773 2187 1840 179.
2235 1773 2439 1834 Eme.
2468 1790 2554 1834 m·
2581 1772 2811 1837 Poma.
2838 1794 2902 1858 p.
2935 1774 3085 1836 124.

1242 1897 1490 1962 Parcite
1517 1921 1629 1962 vos
1654 1895 1946 1975 lacrimis,
1976 1896 2193 1962 dulces
2221 1919 2365 1962 cum
2396 1897 2666 1985 conjuge
2694 1912 2881 1977 naue,

1331 2000 1788 2087 viventemque
1817 2000 1961 2065 Deo
1988 1999 2223 2064 credite
2250 1998 2401 2064 flere
2427 1999 2623 2065 nefas.

2555 2105 2901 2167 Fanum.
2934 2106 3085 2168 118.

1070 2235 1147 2305 N
1148 2259 1239 2307 on
1272 2235 1633 2307 invenusti
1666 2235 1919 2306 itidem
1953 2242 2121 2305 sunt
2148 2257 2413 2317 versus,
2440 2234 2696 2327 quibus
2728 2233 3021 2304 filiolam
3048 2234 3176 2303 vix

1069 2363 1378 2447 quatuor
1411 2376 1633 2423 annos
1667 2361 1914 2422 natam
1950 2349 2335 2442 alloquitur
2369 2361 2621 2436 mater,
2655 2349 2767 2421 uti
2799 2373 2896 2421 ex
2938 2350 3174 2422 novis-

1068 2467 1266 2539 simis
1298 2468 1505 2538 facile
1538 2467 1986 2562 intelligitur,
2021 2465 2450 2538 Christiana.

1242 2604 1517 2691 Virginis
1545 2603 1648 2668 hic
1678 2619 1911 2668 tenerae
1940 2604 2175 2667 Lector
2202 2602 2492 2667 miserere
2520 2602 2843 2690 sepulcro3

1331 2706 1542 2773 Unius
1568 2705 1718 2770 huic
1746 2704 1930 2769 lustri
1959 2705 2067 2769 vix
2093 2705 2219 2770 fuit
2246 2719 2384 2770 arta
2409 2705 2564 2770 dies.

1243 2813 1302 2877 Ο
1332 2832 1524 2898 quam
1554 2807 1918 2895 longinquae
1947 2807 2156 2872 suerat
2181 2806 2547 2894 dignissima
2573 2808 2756 2873 vitoe!

1334 2915 1488 2977 Heu
1518 2911 1702 2999 cujus
1730 2909 1889 2974 vivit
1917 2931 2086 2994 nunc
2116 2908 2246 2973 sine
2273 2910 2399 2973 fine
2427 2908 2608 2973 dolor
2633 2913 2648 2973 !

1247 3016 1584 3083 Addamus
1612 3013 1849 3078 meritis
1875 3012 2157 3077 lacrimas
2187 3025 2314 3077 tam
2348 3012 2563 3077 mortis
2590 3013 2853 3091 acerbae,

1331 3121 1501 3185 Nam
1530 3141 1677 3205 quze
1704 3130 1887 3204 grata
1913 3115 2144 3193 forent,
2176 3130 2324 3180 sunt
2352 3115 2543 3179 modo
2570 3114 2779 3179 flenda
2806 3115 2938 3180 diu.

1248 3225 1410 3288 Haec
1442 3220 1801 3285 Theodorae
1829 3217 2054 3283 habuit
2083 3240 2333 3297 nomen,
2365 3241 2511 3304 quae
2538 3216 2775 3305 gaudia
2800 3217 3019 3282 matris

1331 3323 1611 3389 Perculit
1638 3336 1877 3387 aeterno
1903 3319 2162 3385 vulnere
2190 3334 2373 3408 rapta
2400 3320 2547 3385 cito.

1247 3425 1392 3492 Sola
1420 3414 1629 3488 tamen
1660 3411 1818 3489 tanti
1846 3436 2084 3488 restant
2112 3421 2417 3488 solamina
2442 3419 2673 3500 luctus,

1329 3526 1520 3606 Quod
1550 3526 1702 3591 tales
1728 3526 1956 3591 animae
1985 3526 2272 3614 protinus
2299 3538 2464 3590 astra
2491 3538 2740 3612 petunt.

2582 3628 2900 3692 Fnzmw.
2931 3626 3089 3699 496.

1072 3764 1394 3840 Infantes
1429 3770 1672 3832 autem
1707 3769 1999 3854 propter
2031 3759 2204 3831 vitae
2248 3757 2730 3829 innocentiam
2776 3759 2872 3829 ad
2911 3761 3176 3831 coelum

1069 3882 1316 3955 statim
1369 3877 1698 3975 migrare,
1732 3879 2123 3949 humanam
2169 3874 2464 3946 minime
2506 3874 3029 3968 philosophiam
3064 3900 3178 3947 sa-

1069 3998 1199 4091 pit.
