3559 5575
289 505 405 569 Pana.
422 503 481 569 IV.
619 505 684 570 DE
710 504 1022 572 IMITATIONE.
1303 508 1341 574 51

285 678 379 751 liber
394 689 516 750 tamen
533 679 721 775 ingenium
745 679 859 776 magis
881 680 1063 773 poeticum
1087 704 1196 776 quam
1221 681 1346 754 caeteri

284 795 362 867 fere
378 818 502 868 omncs
525 795 648 889 spirat.
701 796 812 868 Hunc
828 803 952 869 autem
967 796 1007 868 in
1025 797 1173 870 modum
1190 807 1272 891 post
1289 821 1346 869 ro·

285 935 407 984 sarum
422 911 668 1008 violarumque
684 911 853 1009 frigidam
871 912 1092 987 mentionem
1108 913 1255 988 insistit.

374 1051 496 1115 Forma
509 1051 569 1116 loci
582 1053 843 1139 auperotflores:
865 1066 998 1118 curvata
1011 1068 1136 1119 tumore

372 1154 479 1217 Parvo
492 1151 649 1240 planities,
664 1167 696 1218 et
710 1153 858 1219 mollibus
871 1154 956 1220 edita
970 1155 1058 1220 clivis

374 1256 526 1320 Creverat
535 1255 568 1319 in
583 1255 712 1320 collem:
737 1257 809 1322 vivo
823 1256 864 1322 de
877 1259 1004 1347 pumice
1016 1261 1121 1326 fontes

373 1356 513 1423 Roscida
526 1355 697 1423 mobilibus
710 1359 893 1426 lambebant
905 1362 1050 1448 gramina
1062 1363 1149 1429 rivis.

375 1459 536 1548 Sylvaque
550 1472 704 1525 torrentes
717 1485 878 1527 ramorum
891 1463 1009 1551 frigore
1020 1464 1100 1529 soles

375 1563 560 1649 Temperat,
576 1575 608 1628 et
621 1563 727 1628 medio
740 1563 887 1628 brumam
903 1564 962 1628 sibi
976 1565 1115 1630 vindicat
1128 1580 1218 1632 oestu.

371 1667 463 1753 Apta
475 1666 565 1732 fretis
579 1666 676 1746 abies,
692 1665 783 1731 bellis
797 1667 999 1732 accommoda
1012 1690 1136 1748 cornus,

371 1769 515 1848 Quercus
528 1769 629 1834 amica
642 1769 731 1848 Jovi,
743 1768 882 1835 tumulos
897 1784 1019 1835 tectura
1031 1793 1209 1860 cupressus,

372 1871 442 1937 Ilex
457 1872 551 1961 plena
564 1872 655 1952 favis,
670 1873 797 1938 venturi
811 1873 943 1961 praescia
955 1872 1074 1939 laurus

369 1973 522 2040 Fluctuat
536 1974 588 2040 bic
601 1975 699 2041 denso
712 1975 849 2064 crispata
861 1976 1024 2042 cacumine
1036 1977 1156 2056 buxus,

309 2131 322 2145 .
369 2077 435 2142 Hic
449 2077 552 2144 ederae
566 2093 708 2166 serpunt,
723 2079 774 2144 hic
789 2079 958 2166 pampinus
971 2079 1077 2145 induit
1090 2079 1203 2145 ulmos.

840 2182 952 2247 Rara.
967 2184 1139 2248 Pnosnar.
1157 2183 1293 2248 11.101.

281 2308 399 2404 Regio
423 2310 502 2402 ipsa
527 2333 598 2382 non
623 2310 816 2381 invenuste
841 2308 1109 2404 depingeretur,
1125 2309 1195 2381 nisi
1211 2311 1338 2382 eadem

282 2425 389 2515 culpa
399 2423 593 2495 laborasset
605 2447 714 2517 quam
727 2423 765 2494 in
782 2423 902 2494 Statio
918 2423 1133 2507 notavimus,
1146 2433 1189 2493 ut
1201 2447 1279 2494 rem
1295 2447 1339 2496 eo

284 2538 411 2610 melius
428 2539 609 2632 depictam
626 2549 743 2632 putet,
760 2561 832 2630 quo
849 2539 970 2630 plures
986 2538 1096 2608 ducat
1112 2538 1235 2610 lineas.
1264 2539 1340 2612 Ne-

283 2676 354 2748 que
371 2655 562 2750 elegantiae
578 2653 721 2726 laudem
739 2652 948 2750 negaverim
963 2652 1008 2723 iis
1020 2653 1082 2725 ubi
1095 2655 1232 2726 buxum
1235 2652 1340 2746 fluc-

280 2778 392 2843 ruore
412 2780 549 2865 etpost
571 2771 691 2865 paullo
716 2772 834 2843 lacum
852 2763 1066 2866 poderam
1089 2769 1152 2843 ait.
1205 2771 1338 2845 Caeteri

278 2898 396 2983 poetae
414 2889 513 2959 lacus
530 2888 664 2959 habent
682 2882 819 2971 duker,
832 2882 994 2981 gelidos,
1010 2882 1124 2971 vicos,
1137 2883 1285 2974 vitreos,
1297 2901 1336 2964 at

278 3005 342 3100 qui
358 3004 539 3099 propriam
556 3026 680 3076 eorum
694 3002 849 3095 speciem
865 3002 904 3073 in
916 3014 1107 3097 prospectu
1120 3006 1214 3077 ruris
1225 3009 1335 3080 refert

278 3132 363 3195 ante
381 3120 620 3193 Claudianum
637 3120 723 3191 novi
739 3118 957 3190 ⁸neminem.

328 3239 475 3323 Contra,
486 3237 524 3308 in
538 3237 671 3309 summi
686 3235 782 3307 illius
799 3235 946 3308 artificis
962 3259 1069 3329 opere
1085 3237 1220 3309 frustra
1237 3262 1336 3333 quae-

277 3378 398 3427 remus
425 3354 592 3445 exempla
619 3374 701 3445 quae
727 3351 862 3444 pariter
888 3352 1082 3423 lasciviunt
1107 3352 1145 3422 in
1175 3354 1333 3426 locorum

277 3470 395 3564 specie
419 3468 617 3541 referenda.
669 3466 752 3538 Non
777 3489 862 3539 sane
883 3467 980 3560 quod
996 3466 1050 3537 illi
1065 3466 1182 3538 defuit
1197 3468 1334 3565 ingenii

276 3588 422 3659 ubertas
439 3594 503 3656 aut
520 3582 709 3655 fluminum
734 3582 988 3676 sylvarumque
1007 3606 1118 3669 amor,
1136 3584 1199 3678 qui
1224 3608 1333 3679 quam

276 3701 387 3775 fucrit
411 3702 450 3774 in
480 3724 522 3773 eo
545 3701 737 3772 vehemens
762 3698 849 3771 satis
875 3709 1026 3784 constat,
1050 3702 1113 3773 sed
1134 3702 1220 3795 quia
1236 3726 1331 3777 verae

275 3841 421 3913 poeseos
439 3840 575 3890 mernor
592 3818 639 3889 ad
656 3815 848 3888 movendos
865 3814 1018 3888 aliorum
1038 3818 1188 3890 affectus
1210 3830 1330 3895 totum

276 3958 315 4007 se
331 3934 542 4029 composuit,
558 3956 630 4006 non
655 3931 702 4004 ad
723 3932 888 4005 frivolam
913 3932 999 4005 artis
1022 3958 1098 4006 suae
1119 3938 1330 4011 ostentatio-

275 4074 370 4128 nem.
422 4050 604 4146 Quicquid
628 4049 666 4122 in
691 4050 759 4121 hoc
783 4072 915 4145 genere
939 4052 1060 4135 habet,
1077 4050 1179 4125 virile
1201 4064 1268 4138 est,
1290 4063 1329 4128 et

439 4324 450 4351 ¹
464 4314 562 4373 Habet
575 4314 649 4372 banc
660 4310 813 4391 imaginem
829 4313 937 4373 Statius
950 4335 1079 4393 quoque:

480 4420 499 4445 ‘⁶
513 4411 707 4488 albentesque
721 4410 827 4469 lacus.''
1087 4414 1176 4469 Svnv.
1192 4410 1215 4467 l.
1230 4412 1259 4469 3.
1275 4412 1324 4472 65.

762 4516 831 4579 Ε2
