3559 5575
1173 588 1889 680 PRAELECTIO
1966 589 2539 675 VICESIMA
2614 589 3026 672 SEXTA.

1050 925 1336 992 Vitandae
1363 932 1516 990 sunt
1547 919 1888 986 Sententiae
1907 939 2150 1010 prava?
2178 927 2238 981 et
2265 917 2700 982 odiosae—aut
2735 919 2797 980 si
2833 937 2982 1005 quae
3024 918 3192 982 sint

1124 1031 1263 1116 ejus
1283 1027 1550 1116 generis
1577 1046 1620 1088 a
1651 1021 1946 1087 Pet-sonis
1982 1022 2194 1098 dictae,
2226 1029 2649 1084 extenuentur
2675 1029 2989 1107 quantum
3010 1029 3188 1107 pot-

1122 1137 1237 1206 est,
1270 1138 1330 1193 et
1357 1129 1619 1192 cobrem
1647 1124 1961 1212 quendam
1992 1123 2255 1186 virtutis
2283 1120 2579 1185 induant.
2674 1121 2851 1193 Quas
2880 1141 3039 1184 vero
3082 1142 3183 1184 ex

1125 1255 1192 1295 se
1221 1232 1504 1318 ὡραίων
1520 1237 1734 1316 poeta,
1766 1247 2012 1314 semper
2039 1227 2175 1289 sint
2199 1245 2291 1288 eae
2307 1225 2539 1312 proboe
2565 1233 2628 1287 et
2653 1222 2945 1288 honestae.
3032 1221 3182 1287 Ca-

1126 1331 1399 1395 vendum
1428 1341 1639 1396 tamen
1667 1339 1780 1408 est,
1812 1349 1892 1392 ne
1919 1327 2172 1392 modam
2211 1335 2833 1413 exsuperent-neve
2874 1327 3016 1389 sint
3050 1323 3182 1389 οό-

1122 1443 1538 1498 scurae—aut
1566 1441 1773 1497 ασκεω
1799 1433 2019 1496 nimis.
2086 1423 2271 1493 Hinc
2295 1430 2375 1494 de
2400 1428 2805 1517 proverbii-et
2829 1427 3175 1517 parabule

1096 1536 1334 1620 firma
1352 1555 1572 1621 pauca
1600 1533 1850 1600 dicendi
1878 1534 2118 1598 occasio
2145 1533 2368 1597 datur.

1876 1779 2304 1828 ..4-

929 1950 935 1955 ⁵
1039 1977 1220 2071 DE
1269 1999 1464 2070 vitiis
1504 1997 1932 2092 quibusdam
1983 1999 2195 2069 hodie
2246 1998 2570 2071 dicturus
2620 2022 2785 2093 quae
2833 1999 2911 2068 in
2971 1998 3157 2070 Sen-

1038 2116 1432 2188 tentiarum
1466 2138 1602 2185 usu
1637 2115 1866 2185 solent
1893 2111 2217 2185 incautos
2241 2114 2510 2199 fallere,
2534 2114 2885 2207 imprimis
2916 2137 3150 2209 genus
3199 2189 3212 2203 ,

1035 2229 1216 2301 illud
1266 2255 1477 2302 omne
1521 2231 2003 2323 improbatum
2039 2228 2280 2313 velim,
2315 2230 2433 2301 cui
2474 2231 2679 2323 pravi
2713 2229 2986 2324 aliquid
3019 2240 3147 2303 aut

1037 2348 1265 2419 odiosi
1330 2349 1594 2432 subest,
1648 2348 1843 2441 quod
1876 2381 1881 2384 ·
1910 2346 2177 2419 scilicet
2235 2348 2483 2420 statim
2548 2347 2881 2419 auditum
2935 2372 3145 2419 aures

1035 2462 1241 2555 quasi
1287 2463 1680 2557 refugiunt,
1715 2474 1792 2534 et
1827 2485 2029 2536 mens
2074 2463 2291 2535 insito
2326 2464 2554 2558 magis
2587 2486 2806 2557 quam
2839 2464 3144 2557 quaesito

1026 2577 1304 2673 judicio
1336 2578 1628 2670 respuit.
1734 2579 1812 2648 N
1811 2602 1904 2649 on
1953 2578 2147 2650 enim
2187 2579 2293 2650 ita
2332 2579 2427 2650 ad
2467 2580 2694 2651 scelus
2729 2589 2981 2672 sponte
3016 2603 3146 2651 sua

1034 2690 1207 2763 ferri
1265 2693 1686 2786 cujusquam
1746 2694 2070 2765 animum
2127 2692 2463 2765 credibile
2512 2705 2643 2778 est,
2694 2705 2779 2766 ut
2829 2695 3143 2790 cogitato

1037 2808 1335 2881 facinori
1369 2832 1513 2880 non
1561 2809 1865 2902 speciem
1918 2811 2231 2904 aliquam
2276 2822 2637 2904 praetexat
2667 2812 2981 2896 virtutis»,
3016 2824 3142 2883 aut
3237 2804 3245 2810 ’

1037 2938 1231 2995 certe
1265 2925 1725 2997 necessitatis.
1796 2926 2039 3008 Quare
2071 2924 2213 2997 ista
2245 2926 2498 3000 melius
2532 2950 2749 3021 quam
2784 2951 2913 3021 pro
2946 2951 3145 2999 more

1040 3065 1168 3112 suo
1191 3039 1491 3112 Curioni
1513 3042 1852 3113 Lucanus
1876 3041 2154 3126 tribuit,
2176 3043 2536 3115 Caesarem
2560 3044 2653 3115 ad
2679 3068 2879 3116 arma
2903 3044 3147 3116 civilia

903 3254 908 3261 ,
1040 3158 1384 3251 capienda
1417 3159 1852 3232 adhortanti.

1217 3355 1342 3422 Sed
1371 3371 1705 3444 postquam
1734 3358 1906 3446 leges
1934 3356 2101 3422 bello
2128 3356 2354 3421 siluere
2381 3371 2635 3437 coacue,

1217 3456 1522 3522 Pellimur
1548 3482 1583 3523 e
1611 3459 1831 3547 patriis
1860 3458 2118 3539 laribus»,
2147 3458 2553 3546 patimurque
2581 3457 2858 3524 volentes

1214 3559 1500 3624 Exilium
1525 3585 1540 3623 ε
1590 3576 1702 3626 tua
1730 3584 1846 3627 nos
1873 3561 2062 3627 faciat
2089 3560 2350 3626 victoria
2376 3561 2561 3627 cives·

2600 3664 2780 3729 Luc.
2814 3664 2874 3728 Ι.
2907 3666 3060 3731 277.

1040 3836 1151 3909 At
1197 3837 1499 3909 Caesaris
1549 3838 1770 3932 ipsius
1821 3839 2014 3933 apud
2064 3838 2327 3912 milites
2367 3840 2683 3914 orationi
2733 3842 2986 3913 eadem
3020 3843 3153 3914 vix

1045 3953 1343 4026 debetur
1374 3954 1550 4025 laus,
