3559 5575
452 145 700 209 Pam„
733 144 871 208 XI.
1114 146 1243 210 DE
1293 146 1928 212 IMITATIONE.
2456 151 2576 214 151

447 316 603 389 sibi
652 320 905 390 volunt
954 319 1099 391 ista·
1153 320 1416 391 servuli
1473 321 1549 392 in
1604 321 1952 393 Terentio
2012 344 2229 414 supra
2284 322 2579 393 modum

447 434 806 504 commoti
831 435 868 504 ἶ)

552 546 733 610 Nihil
774 560 871 612 est
912 547 1087 633 quod
1131 547 1366 628 malim,
1402 572 1597 636 quam
1639 548 1812 614 illam
1858 563 2056 614 totam
2101 548 2401 614 familiam
2441 548 2581 612 dari

811 650 969 714 mihi
997 650 1276 731 obviam,

557 752 650 816 Ut
677 776 799 841 ego
826 754 984 818 iram
1008 753 1172 818 hanc
1200 754 1268 818 in
1296 777 1403 818 eos
1429 776 1716 819 evomam
1755 776 2033 833 omnem,
2063 753 2216 819 dum
2263 753 2581 842 aegritudo

817 857 958 921 haec
985 872 1080 921 est
1106 880 1344 922 reoenS.

564 957 728 1022 Satis
756 958 915 1021 mihi
945 959 1010 1022 id
1039 960 1306 1024 habeam
1338 959 1648 1046 supplicii,
1678 958 1834 1023 dum
1866 959 2005 1023 illos
2039 958 2298 1023 ulciscar
2325 958 2535 1024 modo.

567 1059 713 1123 Seni
742 1060 1014 1125 animam
1037 1061 1317 1149 primum
1340 1061 1772 1148 extinguerem
1796 1061 1939 1148 ipsi,
1963 1060 2075 1147 qui
2098 1059 2259 1124 illud
2279 1061 2585 1148 produxit

823 1162 1039 1227 scelus.

562 1264 737 1328 Tum
767 1277 981 1330 autem
1018 1267 1255 1354 Syrum
1284 1264 1715 1354 impulsorem,
1746 1264 1909 1329 vah!
1957 1264 2194 1351 quibus
2222 1263 2399 1328 illum
2430 1265 2587 1331 lace-

813 1391 1018 1434 rarem
1049 1368 1293 1434 modis!

559 1467 904 1533 Sublimem
935 1469 1214 1534 medium
1245 1470 1522 1558 primum
1554 1468 1918 1556 arriperem,
1942 1483 2005 1532 et
2024 1467 2230 1555 capite
2259 1469 2323 1533 in
2356 1483 2579 1533 terram

813 1587 1174 1653 statuerem,
2309 1578 2315 1583 “

557 1673 656 1738 Ut
683 1675 938 1741 cerebro
965 1675 1287 1764 dispergat
1318 1675 1500 1739 viam.

557 1775 965 1842 Adolescenti
1017 1778 1139 1866 ipsi
1181 1777 1489 1865 eriperem
1532 1777 1779 1842 oculos:
1829 1789 1975 1864 post
2013 1777 2148 1841 haec
2193 1777 2579 1865 proecipitem

819 1879 1072 1944 darem:

565 1980 845 2044 Caeteros
884 2003 1157 2060 ruerem,
1186 2003 1461 2068 agerem,
1497 2002 1805 2066 raperem,
1839 1977 2170 2043 tunderem
2212 1992 2279 2043 et
2315 1996 2588 2066 proster-

823 2103 1059 2146 nerem.
1774 2082 2099 2143 Ansam.
2133 2080 2273 2143 111.
2306 2083 2365 2142 9..
2393 2083 2500 2145 13.

477 2185 723 2268 Quam
754 2187 1014 2278 cupide
1047 2186 1167 2256 hic
1201 2185 1495 2256 ultionis
1527 2184 1845 2279 imagine
1879 2207 1955 2253 se
1988 2184 2217 2254 reficit
2242 2208 2324 2255 ac
2359 2185 2588 2257 delec-

470 2311 586 2373 tat
611 2303 948 2396 !—-qua1n
969 2302 1043 2373 in
1067 2302 1351 2398 singula
1370 2300 1750 2396 diligenter
1768 2301 2088 2372 excurrit
2111 2301 2313 2394 quasi
2326 2304 2483 2397 jam
2511 2303 2585 2373 in

467 2429 855 2511 conspectu
891 2421 1112 2492 fiant!
1164 2418 1378 2503 Quod
1411 2418 1680 2511 pariter
1711 2428 2132 2489 consecutus
2167 2428 2277 2489 est
2316 2419 2585 2491 Home-

463 2557 614 2620 ωε,
648 2534 773 2605 ubi
806 2535 1166 2608 Achillem
1202 2536 1312 2605 ira
1345 2535 1717 2606 ardentem
1752 2535 1857 2605 rei
1891 2535 2158 2606 futurae
2204 2535 2584 2608 simulacra

463 2650 754 2724 haurire
786 2652 1049 2736 animo,
1083 2651 1313 2745 iisque
1347 2652 1660 2723 furorem
1698 2674 1906 2721 suum
1945 2661 2265 2721 saturare
2298 2650 2513 2723 facit:

643 2788 768 2852 Καί
790 2816 916 2854 τινα
942 2790 1240 2877 Τρωϊάδων
1270 2791 1366 2853 καὶ
1400 2788 1753 2876 Δαρδανίδων
1784 2789 2172 2868 βαθυκόλπων,

640 2889 1052 2977 Ἀμῴοτέρῃσιν
1078 2892 1254 2976 χερσὶ
1287 2891 1564 2975 παρειάων
1594 2890 1871 2954 ἁπαλάων

650 2991 864 3075 Δάκρυ’
896 2992 1293 3077 ὀμορξαμένην,
1325 2994 1502 3055 ἁδινὸν
1531 2998 1890 3077 στοναχῆσαι
1921 2992 2115 3074 ἐφείην·

652 3096 702 3154 Γ
700 3096 830 3156 νοῖεν
857 3094 927 3172 δ’,
947 3096 1020 3167 ὥς
1044 3096 1104 3172 δὴ
1136 3093 1287 3177 δηρὸν
1319 3093 1436 3177 ἐγώ
1461 3093 1725 3177 πολέμοιο
1755 3094 2069 3177 πέπαυμαι.
2122 3098 2220 3161 IL.
2249 3097 2323 3164 Σ.
2347 3098 2490 3161 122.

474 3222 755 3295 Eodem
789 3223 1015 3295 ferme
1048 3221 1125 3293 in
1155 3244 1418 3317 genere
1453 3234 1621 3294 sunt
1654 3223 1776 3294 illa
1812 3224 2090 3307 Turni;

1684 3363 1793 3426 Da
1823 3377 2097 3427 sternere
2126 3385 2376 3450 corpuS,

646 3463 1066 3550 Loricamque
1095 3486 1289 3528 manu
1322 3463 1530 3529 valida
1557 3464 1828 3530 lacerare
1855 3464 2159 3529 revolsam

647 3566 935 3630 Semiviri
967 3566 1268 3654 Phrygis,
1299 3582 1363 3631 et
1394 3567 1634 3632 foedare
1665 3567 1728 3630 in
1759 3568 2022 3655 pulvere
2050 3568 2250 3632 crines

644 3668 937 3733 Vibratos
965 3668 1168 3733 calido
1196 3669 1387 3748 ferro,
1418 3671 1805 3758 myrrhaque
1834 3670 2173 3735 madentes,

1978 3775 2141 3838 ΕΝ.
2174 3775 2354 3839 XII.
2386 3778 2493 3844 97.

471 3916 589 3988 Ita
623 3928 891 4011 optatae
928 3918 1032 3989 rei
1066 3920 1374 4011 speciem
1421 3944 1782 4013 exponere
1822 3923 2037 4015 juvat
2070 3911 2603 4013 particulatim‚³

467 4041 545 4103 et
566 4054 730 4125 quae
765 4034 1084 4105 nondum
1122 4035 1395 4127 patitur
1419 4036 1708 4122 veritaS,
1733 4034 2169 4130 cogitatione
2194 4033 2393 4129 quasi
2420 4036 2577 4130 jam

1471 4169 1523 4219 L
1561 4155 1608 4219 4

3343 1310 3354 1377 nv—

3349 1612 3362 1751 l
