3559 5575
351 112 588 177 Pan.
622 111 902 181 XXVI.
1027 113 1160 179 DE
1205 113 1835 183 AFFECTIBUS.
2340 122 2471 188 8oe

349 293 436 356 te
468 283 976 358 infirmioribus
1014 295 1100 359 ut
1133 289 1613 376 commendes,
1645 289 1849 363 omni
1893 290 2073 363 artis
2120 292 2475 367 lenocinio

348 411 435 472 et
472 403 849 473 verborum
882 400 1228 475 illecebris
1264 403 1601 476 abutaris,

448 516 701 588 Etiam
725 517 872 601 illa,
894 541 1060 611 quae
1085 519 1292 592 triste
1316 531 1447 592 aut
1473 543 1833 592 morosum
1859 520 2079 594 nimis
2100 523 2474 618 ingenium

349 642 436 702 et
484 632 961 704 inhumanum
1014 634 1326 727 sapiunt,
1375 659 1791 731 quanquam
1839 637 2301 732 improbitate
2359 639 2476 711 ca-

347 758 589 832 reant,
620 759 867 821 tamen
914 749 1079 821 odio
1125 751 1366 845 aliquo
1410 754 1934 847 prosequimur,
1968 765 2045 827 et
2077 755 2285 828 inviti
2321 757 2476 828 lau-

348 865 638 937 damus,
740 865 974 947 Quale
1009 877 1120 937 est
1154 867 1628 960 Sophocleum
1661 868 1846 941 illud
1878 871 1970 943 de
2000 871 2361 944 amicitia:

525 1017 762 1105 Ἔγωγ
793 1017 1107 1101 &wicram
1136 1023 1253 1104 γὰρ
1283 1019 1508 1106 ἀρτίως,
1539 1019 1622 1085 ’ὅτι

525 1118 616 1184 “O
643 1123 695 1184 τ’
726 1120 924 1207 ἐχθρὸς
951 1124 1079 1203 ἡμῖν
1106 1125 1161 1196 ἐς
1188 1121 1397 1186 τοσόνδ’
1428 1123 1779 1209 ἔχθραντέος,

537 1224 647 1296 Ὠς
679 1221 776 1284 καὶ
807 1220 1061 1298 Φιλῆσων
1089 1220 1262 1295 αὖθις·
1295 1222 1350 1294 ἔς
1377 1248 1441 1285 τι
1467 1224 1562 1286 τὸν
1588 1221 1748 1304 φίλον

538 1328 652 1386 Τοο
664 1323 781 1386 αὕθ’
813 1327 1103 1406 ὑπουργῶν
1131 1324 1358 1406 ὠφελεῖν
1386 1324 1768 1406 βουλήσομαι,

536 1428 646 1499 Ὠς
674 1425 792 1488 αἰὲν
821 1426 881 1486 οὔ
909 1430 1201 1504 μενοῦντα,
1232 1428 1345 1499 τοῖς
1373 1428 1630 1489 πολλοῖσι
1660 1430 1779 1512 γὰρ

544 1532 766 1611 Βροτᾶν
794 1523 1028 1601 ἄπιστός
1058 1528 1166 1590 ἔσθ’
1197 1525 1444 1610 ἑταιρίας
1474 1527 1663 1609 λιμῆν.
1860 1529 2063 1593 SoPH.
2086 1531 2211 1593 AJ.
2240 1527 2393 1597 678.

368 1658 588 1743 Quod
651 1660 1016 1753 eleganter
1083 1656 1274 1728 idem
1343 1668 1420 1728 et
1477 1657 1768 1751 quidem
1838 1658 2070 1732 lenius
2135 1660 2480 1755 praecepit

371 1774 772 1855 Martialis3

551 1910 619 1976 Si
649 1909 845 1974 vitare
873 1907 1028 1972 velis
1052 1908 1280 1973 acerba
1304 1908 1623 1995 quaedam‚

550 2015 643 2078 Et
670 2011 877 2077 tristes
904 2010 1097 2075 animi
1125 2034 1346 2076 cavere
1374 2034 1642 2092 morsus,

553 2113 733 2180 Nulli
763 2128 824 2179 te
853 2113 1048 2178 facias
1075 2113 1261 2178 nimis
1291 2112 1605 2179 sodalem:

551 2214 881 2281 Gaudebis
908 2213 1141 2294 minus,
1171 2228 1235 2279 et
1264 2214 1474 2280 minus
1500 2214 1765 2279 dolebis.
1822 2216 2067 2279 MART.
2093 2213 2263 2279 XII.
2285 2215 2396 2278 34.

482 2365 922 2463 Hujusmodi
955 2376 1200 2438 autem
1236 2366 1363 2460 qui
1396 2366 1716 2439 studebit
1741 2365 2138 2450 sententiiS,
2164 2388 2330 2437 eum
2365 2389 2489 2437 ne-

377 2506 521 2577 que
565 2494 651 2554 ut
682 2491 1195 2576 praeceptorem
1231 2482 1484 2566 vereri,
1518 2504 1751 2576 neque
1795 2493 1881 2554 ut
1913 2484 2216 2574 probum
2252 2480 2486 2552 virum

379 2598 678 2694 diligere
723 2601 954 2670 solent
988 2598 1312 2671 homines
1340 2623 1357 2682 ;
1409 2609 1486 2671 et
1520 2599 1580 2669 si
1614 2599 1903 2692 quando
1936 2598 2232 2693 ingenii,
2265 2607 2347 2668 ut
2381 2598 2489 2683 fit,

377 2714 670 2786 laudem
703 2715 1108 2800 extorserit,
1140 2715 1437 2786 laudare
1471 2724 1716 2790 tamen
1751 2738 1920 2789 eum
1955 2717 2237 2788 malunt
2270 2734 2486 2809 quam

378 2830 639 2925 legere.

486 3060 778 3130 Interea
811 3060 1104 3151 optimae
1137 3059 1363 3155 frugis
1398 3057 1812 3141 sententiaS,
1846 3056 2104 3151 quibus
2139 3078 2494 3126 summam

382 3175 731 3247 virtutem
791 3185 866 3247 et
924 3174 1234 3246 sinceros
1292 3174 1516 3245 animi
1573 3175 1875 3245 affectus
1934 3155 2279 3242 declarari
2336 3169 2496 3264 quis

388 3292 582 3376 velit,
609 3314 739 3383 per
770 3271 1210 3384 imperitiam
1243 3290 1607 3384 scriptoris
1640 3288 2008 3360 interdum
2034 3285 2261 3360 autin
2296 3286 2497 3358 fasti-

390 3406 590 3478 dium
624 3418 752 3479 aut
784 3407 1010 3478 risum
1045 3407 1245 3479 exire
1280 3406 1607 3503 contigit.

488 3524 682 3595 Nam
716 3524 969 3616 primo,
1006 3524 1218 3596 sicuti
1257 3524 1331 3595 in
1382 3521 1885 3595 misericordiae
1938 3519 2262 3613 partibus
2310 3530 2497 3591 trac-

391 3640 628 3711 tandis
677 3641 753 3710 id
805 3662 995 3732 saepe
1047 3641 1402 3711 monitum
1453 3651 1564 3712 est
1612 3662 1706 3710 ne
1758 3662 1873 3709 res
1927 3638 2143 3709 fidem
2194 3659 2497 3728 exsupe-

391 3765 607 3837 raret,
641 3754 749 3825 ita
782 3756 896 3825 vel
928 3755 1004 3825 in
1050 3775 1338 3825 summa
1372 3753 1640 3826 virtute
1686 3752 2063 3825 referenda
2106 3752 2497 3823 servandus

393 3870 686 3965 quidam
737 3881 849 3944 est
898 3871 1175 3954 modus,
1226 3893 1440 3965 quem
1492 3871 1617 3964 qui
1667 3868 2054 3943 excesserit
2099 3890 2303 3939 suam
2347 3866 2499 3958 ipse
2543 3891 2561 3909 ¹

394 3988 700 4060 nimium
752 3988 1076 4060 conando
1133 4010 1423 4081 operam
1482 3987 1756 4080 perdet.
1860 3987 2024 4067 Quo
2080 3984 2372 4078 quidem
2422 3981 2499 4051 in
