3559 5575
1071 126 1204 190 aaz
1741 124 1985 189 PARS
2033 107 2476 191 SECUNDA
2659 113 2903 192 Pam.
2934 128 3245 194 xxv1.

1075 311 1150 373 et
1184 300 1419 371 adhuc
1450 297 1798 370 ferociora
1829 296 1976 382 illa,

1249 462 1428 524 Tum
1457 474 1651 547 caput
1674 458 1911 525 orantis
1939 457 2389 545 nequicquam,
2419 468 2484 521 et
2505 456 2711 522 multa
2734 460 3042 546 parantis

1247 563 1501 641 Dicere,
1531 561 1830 626 deturbat
1858 575 2080 626 terroe:
2135 575 2559 646 truncumque
2588 574 2909 648 tepentem

1249 664 1662 745 Provolvens,
1693 687 1885 753 super
1912 664 2052 729 haec
2079 662 2331 728 inimico
2357 676 2613 750 pectore
2641 664 2849 728 fatur:

1251 769 1404 835 Istic
1435 791 1625 848 nunc,
1654 767 2015 845 metuende,
2036 768 2213 854 jace.
2262 788 2389 830 non
2422 779 2484 830 te
2514 766 2753 853 optima
2780 781 2995 832 mater

1251 870 1502 936 Condet
1528 869 1731 948 humi,
1761 869 2046 957 patriove
2075 869 2361 933 onerabit
2388 868 2672 932 membra
2700 869 3000 956 sepulcro
3025 895 3045 933 ε

1252 972 1538 1038 Alitibus
1565 972 1849 1059 linquere
1878 971 2048 1048 feriS,
2080 985 2194 1035 aut
2221 970 2479 1059 gurgite
2509 994 2783 1035 mersum

1254 1076 1448 1141 Unda
1474 1077 1656 1155 feret,
1682 1076 2007 1163 piscesque
2036 1073 2285 1162 impasti
2315 1073 2581 1138 vulnera
2606 1073 2914 1138 lambent.

2645 1175 2800 1239 AEN.
2831 1175 2923 1238 X.
2955 1173 3123 1240 556.

1185 1338 1423 1409 Taceo
1446 1339 1604 1432 jam
1635 1336 1777 1408 ista
1809 1334 2073 1429 passim
2110 1336 2306 1427 apud
2338 1335 2639 1429 Lyricos
2672 1346 2924 1428 poetas
2959 1337 3209 1423 obvia,

1080 1476 1244 1547 quae
1277 1451 1352 1522 in
1389 1451 1562 1523 vitae
1594 1451 1948 1523 brevitate
1983 1461 2605 1523 versantur—non
2637 1474 2779 1545 quo
2813 1452 2920 1522 sic
2955 1477 3002 1522 a
3054 1463 3214 1523 stu-

1079 1567 1216 1640 diis
1251 1566 1452 1638 vanis
1499 1577 1577 1638 et
1617 1566 1992 1639 inutilibus
2037 1590 2375 1639 revocare
2418 1567 2694 1660 possint
2726 1568 3067 1639 homines
3115 1569 3213 1640 ad

1081 1684 1432 1755 saniorem
1458 1682 1906 1776 disciplinam
1933 1691 2010 1754 et
2030 1705 2203 1756 vera
2225 1683 2400 1755 vitae
2428 1705 2727 1754 munera
2758 1684 3215 1756 obeunda—

1080 1823 1333 1873 verum
1377 1810 1465 1871 ut
1503 1822 1663 1871 eam
1710 1798 1981 1872 scilicet
2016 1801 2107 1872 ob
2152 1822 2441 1872 causam
2487 1822 2564 1871 se
2614 1808 2803 1870 totos
2835 1799 3214 1893 voluptati

1082 1918 1537 1989 dedant—nt
1571 1914 1836 1998 bibere,
1870 1938 2148 1998 canere,
2177 1915 2479 2008 epulari,
2513 1925 2592 1986 et
2622 1915 2700 1985 in
2734 1937 3027 1988 omnem
3080 1920 3211 1988 lae-

1082 2034 1320 2107 titiam
1352 2044 1429 2105 et
1462 2032 1830 2103 libidinem
1864 2031 2138 2103 effundi
2172 2032 2418 2103 velint.
2521 2030 2712 2103 Satis
2746 2032 2947 2103 haud
2978 2032 3210 2105 dubie

1083 2173 1438 2244 superque
1469 2146 1843 2221 hominurn
1875 2148 2160 2220 levitati
2191 2146 2632 2234 conceditur,
2667 2147 2729 2219 si
2760 2147 3055 2219 veniam
3091 2148 3205 2220 his

1083 2270 1294 2339 rebus
1322 2280 1405 2337 et
1435 2267 1809 2337 lenitatem
1844 2264 2354 2347 adhibeamus;
2403 2264 2674 2336 nedum
2713 2287 2833 2335 eas
2878 2287 3208 2358 praeoep-

1082 2392 1323 2453 torum
1372 2380 1520 2451 ritu
1569 2379 1810 2453 efferri
1850 2380 1962 2451 fas
2006 2381 2122 2464 sit,
2157 2380 2363 2474 quasi
2404 2383 2541 2452 hoc
2586 2381 2880 2452 demum
2914 2381 3013 2452 sit
3045 2382 3204 2453 vita

1084 2497 1264 2567 bene
1296 2520 1381 2567 ac
1415 2481 1775 2589 sapienter
1806 2497 1940 2568 uti.

1185 2610 1444 2705 Neque
1478 2637 1671 2697 sane,
1705 2625 1792 2686 ut
1825 2613 2098 2707 opinor,
2136 2615 2348 2685 modo
2392 2613 2823 2709 abjiceretur
2855 2623 3198 2686 venustas

1082 2728 1208 2800 illa
1238 2728 1574 2802 carminis
1607 2740 1684 2803 et
1714 2731 2015 2804 festivus
2050 2733 2269 2825 lepor,
2304 2731 2427 2826 qui
2462 2733 2882 2826 plerumque
2916 2730 3029 2802 his
3060 2753 3199 2801 nu-

1083 2845 1194 2941 gis
1244 2846 1665 2934 offunditur,
1717 2849 2110 2919 multorum
2161 2845 2500 2943 suffragia
2558 2870 2671 2918 res
2719 2846 2877 2939 ipsa
2930 2846 3191 2927 ferrem

1084 2964 1348 3057 quippe
1381 2986 1545 3057 quae
1583 2986 1868 3035 sensum
1903 2985 2119 3056 quem
2147 2973 2408 3034 vocant
2433 2964 2775 3035 moralem
2811 2962 3194 3033 manifesto

1083 3080 1326 3153 laedat.
1411 3080 1747 3174 Namque
1779 3078 1907 3150 ubi
1938 3102 2082 3149 non
2119 3102 2251 3150 sua
2282 3101 2394 3149 res
2427 3078 2691 3174 agitur,
2724 3089 2919 3149 recte
2951 3079 3193 3171 utplu-

1083 3195 1345 3266 rimum
1399 3196 1619 3267 etiam
1671 3197 1927 3291 vulgus
1971 3194 2295 3289 judicat;
2371 3217 2604 3288 neque
2657 3193 3192 3286 improbitatem

1085 3312 1265 3382 solet
1296 3305 1614 3381 aliorum
1649 3322 1779 3382 aut
1812 3309 2209 3404 nequitiam
2245 3308 2458 3380 laude
2489 3307 2844 3403 prosequi.

1182 3426 1665 3507 Quamobrem
1699 3426 2018 3499 defensio
2049 3427 2210 3514 ista,
2234 3450 2376 3521 qua
2410 3428 2625 3522 hujus
2657 3425 2939 3522 generis
2975 3426 3191 3519 scrip-

1082 3552 1272 3613 tores
1317 3540 1681 3612 interdum
1726 3567 1802 3614 se
1847 3554 2043 3616 tutos
2083 3544 2548 3628 arbitrantur,
2582 3544 2874 3616 omnino
2904 3544 3189 3637 repudi·

1083 3656 1272 3728 anda
1304 3666 1433 3728 est.

1257 3768 1527 3834 Lasciva
1553 3782 1648 3835 est
1676 3771 1857 3836 nobis
1884 3772 2139 3861 pagina,
2169 3773 2302 3838 vita
2329 3773 2530 3861 proba
2557 3787 2675 3837 est.
2854 3774 2985 3837 MA
2993 3794 3102 3837 ιτ.

1184 3882 1541 3967 Quoniam
1576 3883 1654 3956 id
1697 3909 2001 3958 summae
2042 3886 2420 3981 pravitatis
2469 3886 2728 3958 merito
2775 3887 3180 3958 habendum

1085 4011 1235 4083 est:
1287 4002 1347 4073 si
1379 4002 1571 4096 quod
1603 4001 1754 4096 ipse
1785 4001 1863 4073 in
1902 4012 1974 4074 te
2008 4003 2189 4075 nolis
2230 4004 2636 4088 admittere,
2670 4004 2862 4076 idem
2909 4003 3177 4076 caeoeris
