3559 5575
446 205 511 270 102
813 198 937 267 PARS
959 199 1119 267 PRIMA
1291 199 1405 266 Pur..
1419 197 1510 265 vn.

445 378 565 473 ningit
578 377 710 447 lovem
727 375 910 470 trigenta
923 372 1025 447 iacit.
1060 375 1122 446 lt'n
1134 387 1264 445 reverit
1277 383 1335 447 'est
1350 373 1391 446 in
1406 375 1511 450 deti*

446 515 506 564 mn
523 487 677 562 Iliados:
703 509 820 584 neque
837 489 962 582 lnlqna
976 489 1127 561 fortasse
1143 502 1203 559 est
1219 488 1419 561 doctissimi
1432 489 1509 559 riri

445 627 607 689 censura,
625 601 687 699 qui
703 625 780 698 prre
798 604 902 677 solito
918 606 1016 676 fastu
1033 603 1249 677 sententiam
1266 605 1383 676 tribus
1404 606 1508 678 hisee

447 721 563 795 verbis
596 720 755 813 expedit,
786 730 811 762 ‘⁴
828 721 1027 814 Nunquam
1060 722 1130 791 hnc
1162 719 1351 791 vitlimuu.n
1422 719 1505 792 Nec

447 840 562 909 multo
596 838 701 909 aliter
733 838 945 934 perstringit
973 837 1082 910 Statii
1110 848 1133 882 ‘⁶
1149 833 1318 933 ubinam
1351 857 1505 932 caprer-

448 961 471 999 “
487 955 600 1040 eum,’'
618 964 640 998 ‘¹
652 953 714 1024 ubl
740 955 832 1025 hanc
855 954 1046 1038 invenerit,
1066 952 1130 1040 ait,
1152 953 1293 1036 nesein3
1317 953 1504 1026 universas

448 1077 471 1110 ‘⁶
487 1089 579 1161 pene
595 1067 708 1161 Alpes
733 1068 1001 1166 peragravimus
1025 1087 1102 1153 nes,
1127 1078 1167 1140 at
1190 1069 1291 1139 nulla
1315 1081 1502 1162 eupmrt

448 1195 471 1234 §c
487 1184 565 1256 visa
581 1195 636 1257 033
646 1183 694 1255 (ψ

354 1337 363 1361 ·
498 1300 616 1394 Atqui
641 1299 679 1372 in
706 1299 751 1371 iis
773 1321 856 1393 quas
882 1299 1041 1395 singulas
1065 1299 1230 1395 regiones
1255 1307 1422 1391 mertam
1447 1313 1503 1370 ert

448 1416 724 1501 remissiorem
750 1425 847 1487 uerte
871 1415 910 1485 in
935 1435 975 1488 se
998 1417 1142 1508 eulpam
1166 1415 1276 1486 babet
1293 1414 1340 1506 (si
1355 1413 1502 1508 quidem

447 1525 596 1603 omnino
612 1531 778 1602 habenda
792 1541 848 1602 ert
865 1532 985 1626 culpa)
1003 1553 1113 1626 quam
1129 1552 1214 1603 enm
1229 1531 1370 1624 lapsum
1390 1529 1503 1602 inerit

448 1647 487 1718 in
503 1642 679 1717 universis
697 1646 914 1740 aeternisque
929 1658 1069 1720 nntnrae
1085 1647 1235 1743 legibus.
1274 1646 1420 1720 Portare
1435 1645 1503 1743 igi-

449 1770 510 1833 tur
521 1762 605 1856 jure
621 1761 658 1831 in
677 1760 774 1833 hunc
790 1763 995 1835 Thebaidos
1011 1765 1130 1834 locum
1148 1762 1341 1835 invehitur.

534 1897 627 1964 'ralis
640 1897 837 1989 hyperborea
849 1900 966 1967 virides
977 1901 1052 1966 nive
1067 1899 1209 1966 verberat
1223 1920 1317 1988 agros

536 2001 560 2065 J
562 2001 708 2090 uppiter;
732 2003 878 2068 obruitur
890 2005 1008 2091 eampis
1021 2027 1124 2091 genus
1137 2022 1230 2068 omne
1242 2004 1394 2081 ferarum,

537 2105 774 2194 Depmnsaeque
786 2105 907 2172 eadunt
920 2105 1076 2187 volucres,
1089 2117 1123 2172 et
1136 2105 1244 2171 messis
1255 2124 1364 2170 amam

539 2207 645 2272 Strata
657 2207 743 2295 gelu.
1078 2209 1185 2278 Suu.
1199 2209 1315 2272 Tnnn,
1329 2207 1367 2273 V.
1381 2206 1459 2276 89⁰.

452 2334 524 2406 Ubi
541 2337 606 2420 bis,
619 2337 683 2422 ait,
693 2336 847 2408 fallitur:
866 2344 889 2378 ‘⁸
900 2358 985 2408 nam
997 2340 1158 2410 volucres
1170 2353 1355 2430 nunquam
1367 2335 1407 2405 in
1419 2333 1503 2404 nive

452 2459 474 2492 “
491 2451 642 2532 cadunt;
655 2460 693 2521 et
703 2473 880 2544 nusquam
891 2462 967 2522 tam
978 2456 1063 2525 altae
1073 2462 1317 2548 suntaegetoe,
1327 2449 1504 2545 quiimin-

452 2573 475 2608 “
490 2564 589 2659 gruit
603 2564 679 2646 nix,
692 2575 734 2636 ut
748 2575 955 2638 sternantur
964 2571 1010 2639 ⁰.”
1033 2565 1218 2664 Adjecisse
1229 2575 1371 2660 poterat
1382 2566 1503 2638 nivem

451 2703 524 2752 non
541 2690 638 2751 recte
655 2676 943 2754 dici-verberare
958 2685 1121 2758 humum.
1163 2684 1301 2757 Vocem
1316 2685 1411 2754 banc
1426 2705 1506 2775 pes·

452 2796 542 2869 simo
559 2796 705 2869 consilio
722 2809 923 2891 sumpserat
938 2824 987 2872 ex
1002 2800 1148 2896 Virgilii
1164 2824 1271 2872 vernn
1287 2811 1310 2845 “
1321 2796 1508 2871 Verberat

452 2922 476 2954 “
492 2908 610 2983 imber
624 2910 805 2999 humum?
821 2938 894 3008 quo
910 2916 948 2986 in
965 2918 1044 2987 loon
1059 2915 1240 3009 propriam
1257 2916 1332 2986 vim
1354 2915 1504 2986 obtinet.

504 3028 623 3101 Multa
648 3031 855 3127 hujusmodi
871 3031 961 3103 vitia
982 3032 1079 3104 idem
1101 3032 1140 3104 in
1161 3032 1310 3103 Lucano
1335 3040 1449 3114 notat,
1465 3030 1504 3100 iu

450 3156 666 3239 tempestate
690 3148 753 3219 illa
777 3147 977 3239 proesertim
1000 3147 1040 3217 in
1063 3147 1191 3240 quinte
1208 3143 1416 3231 masura,
1431 3142 1507 3229 nbi,

452 3272 495 3333 ut
512 3262 638 3334 Critici
655 3263 765 3355 ipsius
782 3264 899 3335 verbis
916 3274 1010 3348 utar,
1028 3273 1052 3305 ‘⁶
1063 3286 1147 3357 quae
1163 3264 1309 3357 reliquit
1320 3261 1506 3359 Virgilbrs,

453 3388 476 3421 ‘⁴
491 3388 665 3471 tanquam
684 3377 831 3449 minime
847 3379 1041 3470 probanda,
1053 3378 1123 3451 iste
1136 3380 1242 3473 quasi
1257 3373 1388 3450 omissa
1402 3388 1441 3449 et
1452 3377 1508 3471 ig·

455 3501 477 3533 ¹⁶
494 3502 581 3563 neta
596 3493 649 3563 illi
665 3492 872 3585 importuna
888 3496 1080 3567 sedulitate
1095 3496 1351 3591 persequitur?
1392 3493 1509 3577 Quin-

447 3608 564 3679 etiam
577 3607 762 3681 Valerium
774 3608 955 3698 Flaccum,
965 3608 1179 3704 prudentem
1189 3610 1280 3682 alins
1291 3621 1330 3682 et
1342 3632 1506 3681 severum

453 3722 673 3817 scriptorem,
686 3724 755 3794 hae
769 3725 875 3816 eulpa
893 3727 990 3797 haud
1005 3726 1204 3799 immunem
1221 3748 1298 3799 esse
1314 3725 1435 3822 arguit
1445 3724 1508 3795 illa

452 3836 491 3909 in
508 3835 762 3933 Argonauticis
778 3849 992 3932 temperiem

617 4090 750 4151 dl'oetic.
766 4112 795 4171 p.
811 4096 879 4167 842.
1197 4104 1209 4131 ‘
1225 4094 1256 4151 P.
1274 4109 1342 4168 714.
