3559 5575
935 545 1507 614 PRAELECTIO
1554 550 2036 616 SECUNDA.
2454 556 2536 616 25

425 723 644 796 Hanc
688 720 917 817 igitur
969 721 1388 796 facultatem
1442 724 1850 819 impigram,
1904 723 2262 808 mobilem,
2308 724 2542 796 curin-

422 862 600 921 sam,
634 861 765 910 suo
797 848 998 909 motu
1035 849 1254 931 atque
1291 839 1810 912 exercitatione
1854 840 2317 934 gaudentem,
2354 841 2538 912 Poe-

422 965 572 1026 tam
609 953 814 1047 quasi
845 954 1278 1046 peculiarem
1307 954 1439 1027 sibi
1475 955 1915 1048 provinciam
1951 956 2308 1048 suscipere
2332 978 2538 1048 opor*

421 1079 572 1151 tet;
644 1092 876 1163 neque
930 1069 1061 1140 ulli
1118 1070 1399 1142 dandus
1456 1081 1567 1143 est
1628 1073 1843 1165 hujus
1908 1071 2219 1143 nominis
2285 1072 2534 1156 honor,

418 1187 545 1281 qui
598 1209 758 1259 eam
809 1185 1117 1258 inertem
1169 1198 1298 1258 aut
1352 1188 1657 1279 sopitam
1714 1198 1845 1259 aut
1899 1186 2239 1282 frigidam
2287 1187 2534 1258 dimit-

419 1313 555 1374 tat.

523 1419 786 1489 Restat
824 1418 978 1512 jam
1031 1428 1116 1489 ut
1149 1429 1488 1512 quartum
1522 1418 1725 1489 illum
1765 1419 1989 1490 animi
2022 1432 2530 1492 commonstre-

422 1557 582 1604 mus
635 1556 945 1616 sensum,
980 1558 1024 1605 a
1057 1534 1338 1605 caeteris
1384 1533 1699 1616 omnino,
1733 1545 1814 1606 ut
1860 1535 2043 1604 mihi
2071 1535 2379 1620 videtur,-
2410 1560 2538 1628 ge-

424 1670 593 1720 nere
627 1648 1013 1731 diversum,
1040 1649 1167 1720 sed
1202 1659 1448 1720 tamen
1474 1647 1564 1718 iis
1590 1658 1790 1719 arcta
1809 1649 2121 1743 quadarn
2147 1652 2538 1720 necessitu-

421 1765 590 1835 dine
625 1767 1088 1860 conjunctum
1116 1789 1133 1846 ;
1186 1787 1468 1857 nempe,
1495 1764 1617 1858 qui
1656 1765 1730 1834 in
1761 1763 2091 1836 omnibus
2118 1774 2195 1836 et
2221 1763 2434 1836 dictis
2462 1776 2534 1836 et

420 1881 630 1953 factis
679 1880 758 1952 id
807 1904 1091 1974 semper
1133 1880 1364 1953 cernit
1410 1881 1807 1974 probatque
1839 1881 2034 1973 quod
2068 1880 2360 1962 deceat;
2406 1884 2526 1972 qui

419 1995 494 2066 in
533 1996 730 2067 omni
765 2020 999 2089 opere,
1035 1995 1384 2083 ordinem,
1419 1997 1738 2082 modum,
1763 1996 2339 2068 convenientiam
2371 2021 2534 2090 par*

419 2111 605 2183 tium
642 2112 983 2205 requirit;
1032 2137 1176 2207 quo
1207 2113 1518 2207 denique
1546 2122 1996 2184 venustatem
2025 2136 2109 2184 ac
2133 2112 2530 2205 pulchritu-

421 2228 665 2299 dinem
691 2227 1127 2323 judicamuS,
1159 2252 1304 2300 non
1338 2251 1499 2300 eam
1534 2229 1696 2299 dico
1722 2252 1888 2322 quae
1922 2227 2220 2323 singulis
2253 2227 2330 2298 in
2366 2251 2534 2298 cun-

417 2346 746 2439 eeptibus
777 2356 905 2416 aut
937 2345 1371 2439 imaginibus
1403 2347 1661 2427 elucet,
1695 2345 1824 2416 sed
1857 2368 2021 2438 quae
2054 2353 2209 2416 toto
2240 2367 2534 2436 corpore

419 2471 640 2554 atque
675 2460 926 2532 habitu
960 2460 1414 2532 diffunditur.
1520 2460 1683 2530 Hoc
1732 2460 1914 2530 illud
1953 2459 2118 2543 fuit,
2152 2459 2269 2529 cui
2304 2460 2534 2530 maxi-

422 2598 627 2645 mum
660 2598 813 2644 esse
845 2574 1165 2644 diximus
1215 2595 1381 2644 cum
1433 2572 1703 2643 virtute
1754 2572 2285 2644 commercium.
2385 2572 2538 2644 Ne-

420 2712 569 2783 que
598 2687 793 2760 enim
826 2689 1224 2760 absolutam
1259 2688 1420 2782 quis
1454 2697 1692 2781 potest
1725 2687 2006 2760 honesti
2040 2687 2347 2780 speciem
2381 2692 2538 2760 ani*

420 2829 541 2876 mo
576 2805 977 2899 complecti,
1011 2804 1150 2876 nisi
1200 2803 1374 2876 insit
1423 2803 1543 2876 hic
1584 2804 1827 2877 decori
1870 2805 1962 2877 de
1995 2828 2139 2899 quo
2171 2805 2534 2899 loquimur

419 2945 692 3006 sensus,
718 2945 953 3016 neque
990 2924 1182 2993 hunc
1205 2920 1333 2992 diu
1358 2920 1434 2991 in
1471 2920 1994 3015 perpendendis
2018 2922 2293 2994 artibus
2326 2946 2530 2995 exer-

420 3039 726 3110 citatum
761 3039 1045 3121 habere,
1078 3038 1252 3132 quin
1289 3060 1457 3110 eum
1492 3037 1755 3110 sensim
1797 3038 1893 3109 ad
1928 3038 2151 3112 vitam
2185 3049 2262 3111 et
2297 3061 2530 3111 mores

420 3155 641 3226 etiam
675 3154 1149 3226 moderandos
1180 3154 1589 3226 transferat.

523 3271 766 3365 Hujus
799 3281 1045 3342 autem
1089 3271 1314 3362 partis
1349 3270 1532 3342 ratio
1568 3270 1855 3343 videtur
1885 3271 2228 3343 latissime
2259 3280 2530 3364 patere..

420 3386 759 3479 Namque
791 3386 866 3456 in
902 3395 1058 3457 toto
1093 3409 1305 3478 opere
1338 3386 1789 3456 informando
1820 3387 2183 3479 praecipue
2231 3401 2530 3479 spectat,

421 3513 506 3573 ut
538 3511 929 3595 perpetuus
963 3501 1257 3595 quidam
1292 3511 1615 3571 servetur
1648 3511 1896 3582 tenor;
1946 3511 2030 3572 ut
2072 3510 2314 3593 partes
2364 3517 2530 3593 apte

421 3617 613 3689 inter
662 3641 738 3689 se
781 3619 1214 3700 cohaereant,
1250 3626 1474 3709 utque
1520 3639 1614 3687 ex
1664 3614 1754 3686 iis
1798 3617 1979 3687 bene
2023 3616 2375 3689 confletur
2424 3629 2534 3689 tu]-

424 3743 623 3803 tum:
677 3744 762 3805 ut
793 3732 935 3804 alia
958 3732 1032 3803 in
1072 3733 1400 3804 umbram
1434 3741 1509 3804 et
1536 3754 1891 3803 recessum
1926 3731 2363 3827 rejiciantur,
2389 3737 2530 3805 alia

422 3858 713 3920 exstent
737 3859 813 3920 et
846 3850 1252 3930 emineant;
1303 3858 1387 3919 ut
1420 3848 1557 3921 sibi
1582 3851 1912 3921 ‘constent
1944 3847 2019 3919 in
2047 3848 2356 3921 consiliis
2380 3853 2530 3921 dic-

424 3964 658 4059 tisque
683 3985 1045 4057 personae;
1075 3978 1160 4035 ut
1181 3964 1575 4036 secundum
1597 3964 1986 4036 Nemeseos
2010 3967 2203 4060 leges
2228 3989 2341 4037 res
2366 3989 2526 4037 eve-

424 4079 607 4151 niat.
651 4081 847 4152 Turn
873 4080 948 4152 in
976 4082 1163 4173 stylo
1188 4092 1588 4174 ornatuque
1617 4080 1849 4172 operis
1885 4080 2318 4153 moderando
2343 4083 2530 4177 ejus-

423 4197 590 4268 dem
647 4220 929 4270 summa
987 4208 1098 4269 est
1151 4196 1560 4269 auctoritas.
1664 4196 1994 4292 Censoris
2050 4196 2244 4269 enim
2296 4198 2526 4269 vicem

419 4337 676 4410 gerens
706 4314 785 4388 id
818 4338 1098 4409 semper
1121 4325 1329 4388 cavet
1363 4313 1544 4386 nihil
1575 4323 1661 4386 ut
1694 4314 1905 4402 desit,
1937 4313 2119 4387 nihil
2149 4313 2526 4393 redundet,
