3559 5575
1101 610 1815 696 PRAELEcho
1873 611 2443 696 vlcESIMA
2474 615 3057 722 ‘SEPTIMA

1011 951 1116 1014 De
1144 949 1528 1038 Epitaphiis.
1615 948 1988 1015 Cavendum
2015 970 2097 1013 ne
2122 951 2196 1012 in
2224 951 2411 1016 rebus
2439 953 2796 1017 narrandis
2823 953 3136 1041 longiora

1099 1054 1248 1118 sint.
1337 1054 1444 1118 Ad
1471 1055 1605 1118 tria
1626 1052 1997 1139 plerumqaeae
2023 1053 2240 1138 capita
2268 1054 2669 1138 rqfinmtur.
2741 1056 2803 1119 1.
2832 1055 3134 1120 Mortuo-

1099 1176 1247 1219 rum
1275 1176 1480 1220 mores
1506 1155 1899 1240 rfferemtur.
1964 1154 2023 1215 2.
2060 1154 2416 1218 Viventium
2444 1158 2903 1243 caprimumm·
2922 1157 3134 1243 Affec-

1101 1266 1224 1323 tus.
1267 1259 1328 1323 3.
1357 1258 1689 1322 Sententia
1716 1256 1935 1343 aliqua
1954 1255 2231 1342 pulchra
2257 1265 2375 1320 aut
2393 1260 2640 1345 gravis
2656 1261 3077 1347 preponitur.

1824 1525 2376 1577 ..-....,...-..-

1016 1740 1646 1854 QUANQUAM
1706 1790 1795 1838 ea
1853 1791 2079 1863 usque
2129 1793 2175 1840 a
2230 1767 2581 1863 principio
2641 1767 2861 1839 fuerit
2915 1768 3132 1841 disci-

1010 1887 1231 1982 plinae
1264 1893 1531 1955 nostrae
1576 1882 1785 1966 ratio,
1819 1892 1905 1955 ut
1942 1884 2296 1956 universae
2342 1885 2518 1956 artis
2558 1883 3132 1955 instrumentum

1011 2001 1243 2099 magis
1277 2021 1734 2091 exponerem,
1767 2022 1988 2091 quam
2020 1999 2097 2069 in
2132 2023 2396 2096 genere
2430 1999 2668 2092 aliquo
2708 2010 3129 2091 poematum

1011 2116 1487 2209 expendendo
1535 2115 1826 2187 seorsim
1864 2138 2206 2197 versarer,
2242 2115 2463 2187 subiit
2506 2123 2747 2185 tamen
2802 2115 2878 2184 in
2928 2138 3135 2185 men-

1014 2243 1162 2304 tem
1211 2256 1356 2303 non
1404 2232 1716 2302 alienum
1763 2231 1915 2301 fore
1963 2232 2053 2301 ab
2100 2233 2235 2302 hac
2276 2231 2508 2323 operis
2541 2229 2768 2301 nostri
2801 2241 3036 2321 parte,
3068 2232 3133 2301 si

1010 2348 1088 2416 in
1154 2347 1825 2418 EP1TAPHIORUM
1911 2347 2190 2419 ratione
2274 2346 2725 2439 expedienda
2801 2346 3128 2436 paullum

1011 2484 1248 2552 operae
1284 2473 1634 2554 ponatur;
1685 2486 1853 2555 quae
1893 2463 2186 2556 quidem
2230 2463 2605 2554 scripturae
2647 2461 2905 2531 forma-
2926 2463 3131 2532 nuua

1009 2583 1205 2646 certa
1237 2576 1397 2669 lege
1446 2579 1793 2648 hactenus
1838 2577 2120 2648 definiri
2156 2578 2634 2660 videtur,·nec
2684 2577 2911 2648 ferme
2959 2577 3128 2646 ullis

1009 2690 1419 2763 criticorum
1456 2693 1834 2786 praeceptis
1868 2692 2103 2764 inniti.

1110 2808 1368 2902 Neque
1421 2808 1541 2880 hic
1592 2809 1913 2901 profecto
1956 2813 2230 2904 justam
2286 2811 2649 2907 ingredior
2698 2809 2789 2881 de
2836 2833 2921 2881 re
2970 2819 3126 2882 tam

1008 2923 1258 2996 dissita
1307 2924 1749 2996 doctrinam:
1806 2925 1977 2996 satis
2022 2926 2101 2996 id
2142 2926 2363 2998 fuisse
2403 2926 2686 3008 ducam,
2721 2924 2783 2995 si
2816 2949 2985 3018 quae
3018 2937 3131 2997 te-

1010 3063 1204 3112 mere
1255 3041 1424 3112 olim
1448 3042 1710 3137 vagari
1757 3041 1967 3112 solita
2010 3052 2120 3112 est
2153 3042 2346 3112 intra
2379 3042 2653 3135 aliquos
2687 3039 2913 3133 possit
2945 3041 3127 3112 fines

1007 3156 1357 3249 compelli,
1393 3169 1467 3230 et
1500 3158 1576 3228 in
1612 3182 1743 3229 sua
1774 3157 2015 3249 potius
2049 3157 2338 3251 regione
2373 3181 2448 3228 se
2483 3156 2847 3228 continere
2883 3156 3128 3226 addis-

1009 3282 1147 3343 cat.
1250 3272 1354 3344 At
1385 3297 1478 3345 ne
1512 3274 1672 3368 quis
1719 3274 1904 3345 forte
1953 3272 2264 3367 objiciat,
2300 3272 2645 3366 quicquid
2693 3282 2924 3343 metro
2972 3295 3124 3343 non

1006 3384 1227 3457 fuerit
1261 3388 1708 3472 adstrictum,
1743 3388 1823 3460 id
1855 3388 2036 3458 nihil
2071 3387 2163 3457 ad
2197 3412 2327 3458 nos
2362 3388 2740 3481 pertinere,
2774 3387 3129 3458 memine-

1006 3501 1104 3571 rit
1139 3502 1353 3571 velim
1388 3503 1806 3596 Epitaphia,
1844 3504 2012 3576 licet
2060 3514 2291 3575 metro
2337 3514 2650 3587 careant,
2692 3504 3124 3595 rhythmum

1007 3626 1249 3688 tamen
1285 3620 1645 3712 quendam
1678 3620 1906 3693 ferme
1939 3619 2183 3691 omnia
2216 3621 2594 3702 affectare;
2628 3630 2847 3713 atque
2879 3618 3009 3700 ita,
3045 3630 3125 3691 et

1006 3757 1085 3806 re
1117 3743 1193 3805 et
1220 3734 1471 3819 verbis,
1498 3738 1588 3808 ab
1622 3737 1893 3808 usitata
1924 3736 2247 3808 oratione
2274 3735 2660 3818 discedere,
2686 3746 2773 3806 ut
2789 3738 2956 3831 jure
2991 3734 3122 3805 ali-

1005 3849 1164 3945 quis
1198 3875 1286 3923 ea
1318 3852 1621 3925 Poeseos
1654 3852 1945 3924 nomine
1979 3850 2358 3943 complecti
2392 3851 2639 3943 possit.

1104 3968 1311 4041 Solen
1320 3993 1409 4041 ne
1459 3969 1750 4063 quidem
1799 3968 1879 4041 id
1926 3969 2145 4040 fuisse
2190 3967 2527 4039 existimo
2583 3968 2778 4059 apud
2836 3966 3119 4037 ultimae
