3559 5575
406 175 634 246 Pam„-
669 171 826 236 XV.
1061 172 1192 235 DE
1237 171 1870 236 AFFECTIBUS.
2394 173 2529 240 209

400 367 685 437 semper
716 344 792 414 in
824 354 1134 437 utroque
1156 367 1420 440 genere
1446 344 1839 439 Virgilius:
1873 345 2080 439 cujus
2106 345 2168 417 si
2195 343 2523 437 pulcher-

395 459 584 532 rimo
618 469 863 533 uterer·
890 462 1247 553 exemplo,
1272 470 1511 532 totum
1536 460 1720 531 illud
1751 461 1845 531 de
1870 458 2145 546 Priami
2180 460 2380 530 caede
2413 482 2524 529 re-

395 574 698 647 citarem
729 575 1097 671 integrum
1124 600 1142 658 ;
1180 576 1372 670 quod
1410 574 1537 669 qni
1569 575 1749 670 legit
1783 597 2019 670 neque
2052 575 2208 668 ipso
2242 575 2317 645 in
2355 597 2523 646 con-

397 701 650 785 spectu
683 691 964 763 facinus
997 692 1266 784 patrari
1295 691 1544 776 sentit,
1569 714 1738 761 eum
1763 714 1935 762 sane
1968 714 2110 762 non
2148 690 2288 761 nisi
2320 691 2520 762 caede

395 808 555 902 ipsa
621 807 1056 879 commoveri
1120 830 1327 899 posse
1395 807 1831 878 existimem.
1934 806 2296 889 Quoniam
2349 830 2519 879 vero

397 947 648 995 versus
685 921 846 1016 jam
899 943 1021 992 ore
1072 921 1397 992 omnium
1445 920 1805 1005 feruntur,
1850 922 1927 992 in
1976 945 2063 992 eo
2113 923 2520 1017 peragendo

401 1049 692 1131 tempus
727 1030 1190 1130 absumptum
1226 1035 1472 1120 nolim,
1498 1038 1690 1130 quod
1725 1061 1857 1109 sua
1890 1037 2150 1130 cuique
2182 1047 2522 1130 praestare

404 1153 675 1248 poterit
709 1152 1076 1225 memoria.

506 1270 758 1342 Unum
801 1270 1016 1341 modo
1057 1291 1152 1340 ex
1188 1266 1440 1351 Iliade,
1476 1291 1618 1362 quo
1661 1268 1837 1340 hnic
1880 1269 2070 1361 parti
2114 1267 2528 1361 imponatur

401 1381 586 1469 finis,
623 1385 1018 1481 adjungere
1063 1382 1504 1455 liceat—ubi
1549 1384 1628 1454 id
1667 1394 1957 1476 poetam
1988 1386 2151 1477 plus
2184 1383 2394 1455 solito
2425 1386 2527 1455 la-

400 1502 687 1574 borasse
754 1501 1031 1594 opinor,
1087 1510 1174 1571 ut
1226 1522 1382 1569 rem
1452 1499 1930 1571 miserabilem
1997 1510 2073 1571 et
2132 1500 2524 1571 affectuum

398 1616 712 1708 plenam,
745 1615 1107 1709 descripta
1154 1614 1352 1708 prius
1403 1637 1619 1686 scena
1661 1623 1739 1686 et
1772 1623 2062 1687 tantum
2107 1637 2254 1687 non
2300 1613 2524 1686 oculis

401 1729 750 1826 subjecta,
786 1731 1003 1805 altius
1037 1730 1267 1802 menti
1297 1729 1608 1802 insidere
1640 1729 1882 1802 faciat.

507 1845 675 1918 Hoc
712 1845 939 1942 igitur
978 1848 1195 1919 modo
1227 1846 1534 1918 Achillis
1580 1847 1676 1918 ad
1717 1868 2177 1942 congressum
2229 1846 2527 1918 deducit

408 1959 809 2033 Priamum.

1192 2073 1379 2159 Γέρων
1404 2073 1447 2137 δ’
1480 2077 1588 2149 ἰθὺς
1618 2075 1731 2138 κίεν
1761 2073 1932 2152 οἴκου,

674 2178 762 2263 Τῇ
787 2177 834 2262 ῥ’
864 2177 1140 2262 Ἀχιλεὺς
1168 2177 1381 2258 ἵζεσκε,
1410 2177 1513 2238 Διῒ
1538 2175 1722 2253 φίλος·
1769 2180 1823 2239 ἓν
1851 2175 1908 2237 δέ
1935 2199 2031 2257 μιν
2060 2171 2228 2237 αὑτὸν

676 2277 832 2363 Εὗρ’·
881 2276 1067 2363 ἔταροι
1098 2280 1141 2341 δ’
1174 2277 1441 2341 ἀπάνευθε
1471 2276 1757 2341 καθείοιτο·
1805 2282 1887 2362 τῷ
1919 2278 1973 2340 δὲ
2004 2276 2081 2339 δύ’
2112 2273 2228 2351 οἵω,

668 2376 865 2463 Ἥρως
895 2378 1230 2461 Αὐτομέδων
1256 2405 1343 2457 τε,
1378 2380 1476 2442 καὶ
1494 2377 1780 2460 Ἄλκιμος
1812 2378 1929 2461 ὄζος
1949 2377 2177 2465 1Ἄρηος,

629 2489 639 2496 ‘
673 2481 951 2546 Ποίπνυον
978 2481 1262 2566 παρεόντε·
1307 2480 1421 2545 νέον
1448 2481 1494 2544 δ’
1524 2479 1809 2568 ἀπέληγεν
1838 2483 2030 2558 ἐδωδῆς

662 2579 886 2647 Ἔσθων
913 2581 1013 2646 καὶ
1040 2580 1232 2662 πίνων,
1260 2585 1397 2646 ETI
1425 2585 1569 2646 ΚΑΙ
1596 2585 2086 2647 ΠΑΡΕΚΕῙΤΟ
2111 2584 2521 2647 ΤΡΑΠΕΖΑ.

2029 2686 2135 2750 11..
2166 2688 2252 2750 Ω.
2284 2686 2436 2754 471.

413 2807 609 2880 Tum
640 2807 764 2881 illa
796 2809 996 2882 omni
1027 2810 1204 2883 artis
1237 2811 1591 2883 lenocinio
1624 2811 1962 2893 fortium

672 2946 881 3031 Χερσὶν
906 2947 1230 3031 Ἀχιλλῆος
1258 2947 1410 3028 λάβε
1436 2945 1720 3031 γούνατα,
1752 2948 1851 3010 καὶ
1883 2947 2022 3009 κύσε
2045 2949 2251 3032 χεῖρας

679 3051 902 3126 Δεινὰς,
933 3048 1300 3132 ἀνδροφόνους,
1333 3047 1402 3111 αἵ
1425 3052 1473 3110 οἶ
1499 3047 1709 3122 πολέας
1739 3047 1941 3111 κτάνον
1968 3048 2110 3121 υἷας.

414 3175 603 3258 Quae
657 3195 828 3246 vero
884 3183 1287 3268 sequuntur
1342 3173 1778 3246 acerbissimi
1830 3174 2093 3245 doloris
2151 3175 2331 3246 adeo
2388 3173 2532 3246 sin-

414 3311 655 3363 ceram
686 3312 838 3383 proe
873 3312 951 3360 se
983 3289 1229 3360 ferunt
1251 3285 1664 3383 imaginem,
1690 3297 1775 3360 ut
1800 3287 2019 3360 corda
2048 3288 2321 3385 possint
2355 3292 2530 3360 mol-

415 3407 546 3479 lire
580 3407 699 3478 vel
732 3404 1135 3477 durissima.
2074 3408 2080 3416 ’

679 3544 913 3619 Μνῆσαι
944 3540 1158 3628 πατρὸς
1184 3542 1328 3620 σοῖο,
1360 3541 1492 3616 θεοῖς
1521 3540 1779 3606 ἐπιείκελ’
1805 3541 2115 3627 Ἀχιλλεῦ,

676 3641 951 3723 Τηλίκου,
981 3640 1168 3729 ὥσπερ
1198 3639 1364 3727 ὗγοὸν,
1397 3647 1541 3730 ὀλοῷ
1566 3644 1652 3707 ἐπὶ
1681 3643 1889 3732 γῆραος
1915 3646 2069 3730 οὐδῷ.

676 3847 848 3912 Ἀλλ’
878 3847 998 3925 ἦτοι
1026 3846 1192 3923 κεῖνός
1222 3872 1320 3934 γε,
1355 3847 1506 3913 σε’θεν
1537 3846 1763 3928 ζώοντος
1791 3850 2028 3927 ἇκοῦων,

684 3949 885 4034 Χαίρει
913 3952 965 4014 τ’
997 3953 1052 4015 ἂν
1081 3951 1259 4037 θυμῷ,
1289 3951 1380 4016 ix!
1402 3953 1454 4015 τ’
1486 3950 1715 4016 ἔλπεται
1742 3952 1941 4035 ἤματα
1965 3951 2152 4018 πάντα

672 4049 966 4131 Ὅψεσθαι
996 4052 1153 4137 φίλον
1180 4054 1314 4132 υἲόν,
1343 4056 1456 4119 ἀπὸ
1482 4054 1734 4141 Τροίηθεν
1765 4055 1936 4121 ἲὸντα·

1461 4176 1507 4230 Ρ
