<?xml version="1.0" encoding="UTF-8"?>
<!DOCTYPE html PUBLIC "-//W3C//DTD XHTML 1.0 Transitional//EN"
    "http://www.w3.org/TR/xhtml1/DTD/xhtml1-transitional.dtd">
<html xmlns="http://www.w3.org/1999/xhtml" xml:lang="en" lang="en">
 <head>
  <title>
</title>
<meta http-equiv="Content-Type" content="text/html;charset=utf-8" />
  <meta name='ocr-system' content='tesseract 3.04.00' />
  <meta name='ocr-capabilities' content='ocr_page ocr_carea ocr_par ocr_line ocrx_word'/>
</head>
<body>
  <div class='ocr_page' id='page_1' title='image "./praelectionesac00coplgoog/praelectionesac00coplgoog_0102.png"; bbox 0 0 3559 5575; ppageno 0'>
   <div class='ocr_carea' id='block_1_1' title="bbox 496 148 2606 219">
    <p class='ocr_par' dir='ltr' id='par_1_1' title="bbox 496 148 2606 219">
     <span class='ocr_line' id='line_1_1' title="bbox 496 148 2606 219; baseline 0.003 -6"><span class='ocrx_word' id='word_1_1' title='bbox 496 150 719 214; x_wconf 69' lang='lat' dir='ltr'><strong>Pam„</strong></span> <span class='ocrx_word' id='word_1_2' title='bbox 755 148 875 213; x_wconf 85' lang='lat' dir='ltr'><strong>vl.</strong></span> <span class='ocrx_word' id='word_1_3' title='bbox 1193 149 1321 213; x_wconf 89' lang='lat' dir='ltr'><strong>DE</strong></span> <span class='ocrx_word' id='word_1_4' title='bbox 1369 148 1998 215; x_wconf 84' lang='lat' dir='ltr'><strong>IMITATIONE.</strong></span> <span class='ocrx_word' id='word_1_5' title='bbox 2521 154 2606 219; x_wconf 75' lang='lat'><strong>85</strong></span> 
     </span>
    </p>
   </div>
   <div class='ocr_carea' id='block_1_2' title="bbox 486 321 2609 768">
    <p class='ocr_par' dir='ltr' id='par_1_2' title="bbox 486 321 2609 768">
     <span class='ocr_line' id='line_1_2' title="bbox 491 321 2608 419; baseline 0.001 -25"><span class='ocrx_word' id='word_1_6' title='bbox 491 322 772 394; x_wconf 81' lang='lat' dir='ltr'><strong>Rursus</strong></span> <span class='ocrx_word' id='word_1_7' title='bbox 819 321 946 394; x_wconf 85' lang='lat' dir='ltr'><strong>uhi</strong></span> <span class='ocrx_word' id='word_1_8' title='bbox 983 321 1304 395; x_wconf 82' lang='lat' dir='ltr'><strong>ostendit</strong></span> <span class='ocrx_word' id='word_1_9' title='bbox 1335 323 1684 395; x_wconf 77' lang='lat' dir='ltr'><strong>athletam</strong></span> <span class='ocrx_word' id='word_1_10' title='bbox 1729 323 1956 395; x_wconf 79' lang='lat' dir='ltr'><strong>arduo</strong></span> <span class='ocrx_word' id='word_1_11' title='bbox 2005 325 2400 397; x_wconf 80' lang='lat' dir='ltr'><strong>certamine</strong></span> <span class='ocrx_word' id='word_1_12' title='bbox 2449 349 2608 419; x_wconf 89' lang='lat' dir='ltr'><strong>per-</strong></span> 
     </span>
     <span class='ocr_line' id='line_1_3' title="bbox 487 440 2609 532; baseline 0.002 -23"><span class='ocrx_word' id='word_1_13' title='bbox 487 450 651 512; x_wconf 89' lang='lat' dir='ltr'><strong>acto</strong></span> <span class='ocrx_word' id='word_1_14' title='bbox 702 451 897 510; x_wconf 87' lang='lat' dir='ltr'><strong>terra</strong></span> <span class='ocrx_word' id='word_1_15' title='bbox 948 449 1408 532; x_wconf 85' lang='lat' dir='ltr'><strong>prostratum,</strong></span> <span class='ocrx_word' id='word_1_16' title='bbox 1459 450 1536 512; x_wconf 92' lang='lat' dir='ltr'><strong>et</strong></span> <span class='ocrx_word' id='word_1_17' title='bbox 1583 463 1755 511; x_wconf 84' lang='lat' dir='ltr'><strong>mox</strong></span> <span class='ocrx_word' id='word_1_18' title='bbox 1808 440 2082 511; x_wconf 88' lang='lat' dir='ltr'><strong>victum</strong></span> <span class='ocrx_word' id='word_1_19' title='bbox 2138 465 2358 517; x_wconf 87' lang='lat' dir='ltr'><strong>arena</strong></span> <span class='ocrx_word' id='word_1_20' title='bbox 2402 442 2609 514; x_wconf 91' lang='lat' dir='ltr'><strong>dece-</strong></span> 
     </span>
     <span class='ocr_line' id='line_1_4' title="bbox 487 555 2605 653; baseline 0.001 -27"><span class='ocrx_word' id='word_1_21' title='bbox 487 555 802 640; x_wconf 81' lang='lat' dir='ltr'><strong>dentem,</strong></span> <span class='ocrx_word' id='word_1_22' title='bbox 839 568 1193 650; x_wconf 89' lang='lat' dir='ltr'><strong>quantum</strong></span> <span class='ocrx_word' id='word_1_23' title='bbox 1226 555 1403 627; x_wconf 86' lang='lat' dir='ltr'><strong>facit</strong></span> <span class='ocrx_word' id='word_1_24' title='bbox 1437 557 1531 628; x_wconf 89' lang='lat' dir='ltr'><strong>ad</strong></span> <span class='ocrx_word' id='word_1_25' title='bbox 1566 557 1971 652; x_wconf 88' lang='lat' dir='ltr'><strong>augendam</strong></span> <span class='ocrx_word' id='word_1_26' title='bbox 2023 556 2327 653; x_wconf 75' lang='grc' dir='ltr'><strong><em>ἒνάργειαν</em></strong></span> <span class='ocrx_word' id='word_1_27' title='bbox 2369 560 2605 629; x_wconf 90' lang='lat' dir='ltr'><strong>solum</strong></span> 
     </span>
     <span class='ocr_line' id='line_1_5' title="bbox 486 672 2301 768; baseline 0.001 -27"><span class='ocrx_word' id='word_1_28' title='bbox 486 672 614 742; x_wconf 89' lang='lat' dir='ltr'><strong>ubi</strong></span> <span class='ocrx_word' id='word_1_29' title='bbox 644 697 892 744; x_wconf 89' lang='lat' dir='ltr'><strong>recens</strong></span> <span class='ocrx_word' id='word_1_30' title='bbox 915 676 1246 768; x_wconf 88' lang='lat' dir='ltr'><strong>jacuerat</strong></span> <span class='ocrx_word' id='word_1_31' title='bbox 1279 673 1594 766; x_wconf 83' lang='lat' dir='ltr'><strong>corporis</strong></span> <span class='ocrx_word' id='word_1_32' title='bbox 1629 684 1801 745; x_wconf 87' lang='lat' dir='ltr'><strong>nota</strong></span> <span class='ocrx_word' id='word_1_33' title='bbox 1835 673 2257 766; x_wconf 88' lang='lat' dir='ltr'><strong>impressum</strong></span> <span class='ocrx_word' id='word_1_34' title='bbox 2286 674 2301 743; x_wconf 92' lang='lat'>!</span> 
     </span>
    </p>
   </div>
   <div class='ocr_carea' id='block_1_3' title="bbox 483 830 2604 1812">
    <p class='ocr_par' dir='ltr' id='par_1_3' title="bbox 661 830 2167 920">
     <span class='ocr_line' id='line_1_6' title="bbox 661 830 2167 920; baseline 0.002 -27"><span class='ocrx_word' id='word_1_35' title='bbox 661 830 897 896; x_wconf 86' lang='lat' dir='ltr'><strong>Deficit</strong></span> <span class='ocrx_word' id='word_1_36' title='bbox 924 833 1234 911; x_wconf 87' lang='lat' dir='ltr'><strong>obsessus,</strong></span> <span class='ocrx_word' id='word_1_37' title='bbox 1267 831 1525 919; x_wconf 90' lang='lat' dir='ltr'><strong>soloque</strong></span> <span class='ocrx_word' id='word_1_38' title='bbox 1553 833 1799 919; x_wconf 90' lang='lat' dir='ltr'><strong>pudore</strong></span> <span class='ocrx_word' id='word_1_39' title='bbox 1827 846 2167 920; x_wconf 80' lang='lat' dir='ltr'><strong>repugnat,</strong></span> 
     </span>
    </p>

    <p class='ocr_par' dir='ltr' id='par_1_4' title="bbox 661 933 2515 1022">
     <span class='ocr_line' id='line_1_7' title="bbox 661 933 2515 1022; baseline 0.002 -25"><span class='ocrx_word' id='word_1_40' title='bbox 661 933 950 998; x_wconf 74' lang='lat' dir='ltr'><strong>Tandem</strong></span> <span class='ocrx_word' id='word_1_41' title='bbox 979 950 1202 1021; x_wconf 89' lang='lat' dir='ltr'><strong>pectus</strong></span> <span class='ocrx_word' id='word_1_42' title='bbox 1229 934 1430 1012; x_wconf 89' lang='lat' dir='ltr'><strong>humi,</strong></span> <span class='ocrx_word' id='word_1_43' title='bbox 1462 958 1856 1022; x_wconf 81' lang='lat' dir='ltr'><strong>pronamque</strong></span> <span class='ocrx_word' id='word_1_44' title='bbox 1884 951 2180 1000; x_wconf 81' lang='lat' dir='ltr'><strong>extensus</strong></span> <span class='ocrx_word' id='word_1_45' title='bbox 2208 935 2273 999; x_wconf 81' lang='lat' dir='ltr'><strong>in</strong></span> <span class='ocrx_word' id='word_1_46' title='bbox 2301 935 2515 1000; x_wconf 87' lang='lat' dir='ltr'><strong>alvum</strong></span> 
     </span>
    </p>

    <p class='ocr_par' dir='ltr' id='par_1_5' title="bbox 667 1036 2389 1126">
     <span class='ocr_line' id='line_1_8' title="bbox 667 1036 2389 1126; baseline 0.002 -27"><span class='ocrx_word' id='word_1_47' title='bbox 667 1036 1022 1100; x_wconf 84' lang='lat' dir='ltr'><strong>Sternitur:</strong></span> <span class='ocrx_word' id='word_1_48' title='bbox 1071 1060 1146 1101; x_wconf 86' lang='lat' dir='ltr'><strong>ac</strong></span> <span class='ocrx_word' id='word_1_49' title='bbox 1174 1036 1366 1124; x_wconf 88' lang='lat' dir='ltr'><strong>longo</strong></span> <span class='ocrx_word' id='word_1_50' title='bbox 1395 1052 1652 1102; x_wconf 83' lang='lat' dir='ltr'><strong>maestus</strong></span> <span class='ocrx_word' id='word_1_51' title='bbox 1678 1051 1825 1125; x_wconf 87' lang='lat' dir='ltr'><strong>post</strong></span> <span class='ocrx_word' id='word_1_52' title='bbox 1853 1053 2134 1126; x_wconf 86' lang='lat' dir='ltr'><strong>tempore</strong></span> <span class='ocrx_word' id='word_1_53' title='bbox 2165 1038 2389 1126; x_wconf 85' lang='lat' dir='ltr'><strong>surgit,</strong></span> 
     </span>
    </p>

    <p class='ocr_par' dir='ltr' id='par_1_6' title="bbox 661 1139 2006 1227">
     <span class='ocr_line' id='line_1_9' title="bbox 661 1139 2006 1227; baseline 0.001 -25"><span class='ocrx_word' id='word_1_54' title='bbox 661 1139 909 1227; x_wconf 86' lang='lat' dir='ltr'><strong>Turpia</strong></span> <span class='ocrx_word' id='word_1_55' title='bbox 936 1139 1181 1226; x_wconf 86' lang='lat' dir='ltr'><strong>signata</strong></span> <span class='ocrx_word' id='word_1_56' title='bbox 1208 1139 1502 1226; x_wconf 87' lang='lat' dir='ltr'><strong>linquens</strong></span> <span class='ocrx_word' id='word_1_57' title='bbox 1534 1141 1794 1227; x_wconf 83' lang='lat' dir='ltr'><strong>vestigia</strong></span> <span class='ocrx_word' id='word_1_58' title='bbox 1822 1154 2006 1205; x_wconf 83' lang='lat' dir='ltr'><strong>terra.</strong></span> 
     </span>
    </p>

    <p class='ocr_par' dir='ltr' id='par_1_7' title="bbox 1955 1244 2515 1314">
     <span class='ocr_line' id='line_1_10' title="bbox 1955 1244 2515 1314; baseline 0.007 -7"><span class='ocrx_word' id='word_1_59' title='bbox 1955 1245 2185 1307; x_wconf 69' lang='lat' dir='ltr'><strong>Tuan.</strong></span> <span class='ocrx_word' id='word_1_60' title='bbox 2218 1244 2326 1307; x_wconf 85' lang='lat' dir='ltr'><strong>vl.</strong></span> <span class='ocrx_word' id='word_1_61' title='bbox 2361 1247 2515 1314; x_wconf 88' lang='lat'>901.</span> 
     </span>
    </p>

    <p class='ocr_par' dir='ltr' id='par_1_8' title="bbox 483 1369 2604 1812">
     <span class='ocr_line' id='line_1_11' title="bbox 488 1369 2604 1465; baseline 0.002 -25"><span class='ocrx_word' id='word_1_62' title='bbox 488 1369 928 1465; x_wconf 88' lang='lat' dir='ltr'><strong>Hujusmodi</strong></span> <span class='ocrx_word' id='word_1_63' title='bbox 963 1382 1073 1444; x_wconf 90' lang='lat' dir='ltr'><strong>est</strong></span> <span class='ocrx_word' id='word_1_64' title='bbox 1107 1371 1290 1443; x_wconf 90' lang='lat' dir='ltr'><strong>illud</strong></span> <span class='ocrx_word' id='word_1_65' title='bbox 1325 1371 1608 1442; x_wconf 90' lang='lat' dir='ltr'><strong>Lucani</strong></span> <span class='ocrx_word' id='word_1_66' title='bbox 1643 1371 1734 1442; x_wconf 93' lang='lat' dir='ltr'><strong>de</strong></span> <span class='ocrx_word' id='word_1_67' title='bbox 1769 1370 2183 1464; x_wconf 88' lang='lat' dir='ltr'><strong>Elephanto</strong></span> <span class='ocrx_word' id='word_1_68' title='bbox 2221 1372 2454 1465; x_wconf 86' lang='lat' dir='ltr'><strong>praelii</strong></span> <span class='ocrx_word' id='word_1_69' title='bbox 2487 1383 2604 1445; x_wconf 92' lang='lat' dir='ltr'><strong>tu-</strong></span> 
     </span>
     <span class='ocr_line' id='line_1_12' title="bbox 486 1486 2604 1581; baseline 0.001 -25"><span class='ocrx_word' id='word_1_70' title='bbox 486 1489 793 1558; x_wconf 91' lang='lat' dir='ltr'><strong>multum</strong></span> <span class='ocrx_word' id='word_1_71' title='bbox 821 1487 1242 1574; x_wconf 86' lang='lat' dir='ltr'><strong>sustinente,</strong></span> <span class='ocrx_word' id='word_1_72' title='bbox 1263 1487 1458 1581; x_wconf 89' lang='lat' dir='ltr'><strong>quod</strong></span> <span class='ocrx_word' id='word_1_73' title='bbox 1484 1488 1740 1558; x_wconf 85' lang='lat' dir='ltr'><strong>belluae</strong></span> <span class='ocrx_word' id='word_1_74' title='bbox 1765 1486 1974 1558; x_wconf 87' lang='lat' dir='ltr'><strong>istius</strong></span> <span class='ocrx_word' id='word_1_75' title='bbox 2006 1486 2360 1558; x_wconf 87' lang='lat' dir='ltr'><strong>invictum</strong></span> <span class='ocrx_word' id='word_1_76' title='bbox 2387 1487 2604 1558; x_wconf 88' lang='lat' dir='ltr'><strong>robur</strong></span> 
     </span>
     <span class='ocr_line' id='line_1_13' title="bbox 484 1602 2601 1699; baseline 0.001 -28"><span class='ocrx_word' id='word_1_77' title='bbox 484 1611 559 1671; x_wconf 92' lang='lat' dir='ltr'><strong>et</strong></span> <span class='ocrx_word' id='word_1_78' title='bbox 605 1603 1177 1699; x_wconf 82' lang='lat' dir='ltr'><strong>magnitudinem</strong></span> <span class='ocrx_word' id='word_1_79' title='bbox 1224 1603 1481 1675; x_wconf 86' lang='lat' dir='ltr'><strong>fortius</strong></span> <span class='ocrx_word' id='word_1_80' title='bbox 1527 1602 1879 1697; x_wconf 84' lang='lat' dir='ltr'><strong>depingit,</strong></span> <span class='ocrx_word' id='word_1_81' title='bbox 1913 1626 2129 1696; x_wconf 87' lang='lat' dir='ltr'><strong>quam</strong></span> <span class='ocrx_word' id='word_1_82' title='bbox 2177 1603 2234 1675; x_wconf 90' lang='lat' dir='ltr'><strong>si</strong></span> <span class='ocrx_word' id='word_1_83' title='bbox 2280 1602 2358 1674; x_wconf 88' lang='lat' dir='ltr'><strong>in</strong></span> <span class='ocrx_word' id='word_1_84' title='bbox 2404 1602 2601 1674; x_wconf 89' lang='lat' dir='ltr'><strong>hisce</strong></span> 
     </span>
     <span class='ocr_line' id='line_1_14' title="bbox 483 1719 1861 1812; baseline 0 -22"><span class='ocrx_word' id='word_1_85' title='bbox 483 1719 922 1792; x_wconf 83' lang='lat' dir='ltr'><strong>celebrandis</strong></span> <span class='ocrx_word' id='word_1_86' title='bbox 957 1720 1154 1792; x_wconf 90' lang='lat' dir='ltr'><strong>mille</strong></span> <span class='ocrx_word' id='word_1_87' title='bbox 1187 1743 1435 1792; x_wconf 87' lang='lat' dir='ltr'><strong>versus</strong></span> <span class='ocrx_word' id='word_1_88' title='bbox 1467 1719 1861 1812; x_wconf 87' lang='lat' dir='ltr'><strong>posuisset;</strong></span> 
     </span>
    </p>
   </div>
   <div class='ocr_carea' id='block_1_4' title="bbox 656 1877 2294 2068">
    <p class='ocr_par' dir='ltr' id='par_1_9' title="bbox 656 1877 2294 2068">
     <span class='ocr_line' id='line_1_15' title="bbox 656 1877 2137 1966; baseline -0.001 -23"><span class='ocrx_word' id='word_1_89' title='bbox 656 1881 862 1944; x_wconf 88' lang='lat' dir='ltr'><strong>Omne</strong></span> <span class='ocrx_word' id='word_1_90' title='bbox 891 1901 1326 1966; x_wconf 88' lang='lat' dir='ltr'><strong>repercussum</strong></span> <span class='ocrx_word' id='word_1_91' title='bbox 1359 1877 1668 1966; x_wconf 84' lang='lat' dir='ltr'><strong>squalenti</strong></span> <span class='ocrx_word' id='word_1_92' title='bbox 1697 1877 1928 1942; x_wconf 85' lang='lat' dir='ltr'><strong>missile</strong></span> <span class='ocrx_word' id='word_1_93' title='bbox 1955 1891 2137 1964; x_wconf 90' lang='lat' dir='ltr'><strong>tergo</strong></span> 
     </span>
     <span class='ocr_line' id='line_1_16' title="bbox 660 1979 2294 2068; baseline -0.002 -23"><span class='ocrx_word' id='word_1_94' title='bbox 660 1981 954 2068; x_wconf 84' lang='lat' dir='ltr'><strong>Frangit,</strong></span> <span class='ocrx_word' id='word_1_95' title='bbox 983 1995 1048 2044; x_wconf 89' lang='lat' dir='ltr'><strong>et</strong></span> <span class='ocrx_word' id='word_1_96' title='bbox 1074 1981 1386 2045; x_wconf 79' lang='lat' dir='ltr'><strong>haerentes</strong></span> <span class='ocrx_word' id='word_1_97' title='bbox 1413 1989 1581 2044; x_wconf 80' lang='lat' dir='ltr'><strong>mota</strong></span> <span class='ocrx_word' id='word_1_98' title='bbox 1609 1990 1747 2043; x_wconf 77' lang='lat' dir='ltr'><strong>cute</strong></span> <span class='ocrx_word' id='word_1_99' title='bbox 1777 1979 2037 2043; x_wconf 86' lang='lat' dir='ltr'><strong>discutit</strong></span> <span class='ocrx_word' id='word_1_100' title='bbox 2062 1979 2294 2044; x_wconf 85' lang='lat' dir='ltr'><strong>hastas.</strong></span> 
     </span>
    </p>
   </div>
   <div class='ocr_carea' id='block_1_5' title="bbox 1896 2083 2511 2153">
    <p class='ocr_par' dir='ltr' id='par_1_10' title="bbox 1896 2083 2511 2153">
     <span class='ocr_line' id='line_1_17' title="bbox 1896 2083 2511 2153; baseline 0.005 -9"><span class='ocrx_word' id='word_1_101' title='bbox 1896 2083 2171 2145; x_wconf 60' lang='lat' dir='ltr'><strong>Lucan.</strong></span> <span class='ocrx_word' id='word_1_102' title='bbox 2208 2083 2328 2146; x_wconf 85' lang='lat' dir='ltr'><strong>vl.</strong></span> <span class='ocrx_word' id='word_1_103' title='bbox 2362 2084 2511 2153; x_wconf 70' lang='lat'><strong>209.</strong></span> 
     </span>
    </p>
   </div>
   <div class='ocr_carea' id='block_1_6' title="bbox 487 2232 2347 2337">
    <p class='ocr_par' dir='ltr' id='par_1_11' title="bbox 487 2232 2347 2337">
     <span class='ocr_line' id='line_1_18' title="bbox 487 2232 2347 2337; baseline -0.001 -31"><span class='ocrx_word' id='word_1_104' title='bbox 487 2235 822 2306; x_wconf 87' lang='lat' dir='ltr'><strong>Eandem</strong></span> <span class='ocrx_word' id='word_1_105' title='bbox 857 2258 1028 2306; x_wconf 89' lang='lat' dir='ltr'><strong>vero</strong></span> <span class='ocrx_word' id='word_1_106' title='bbox 1058 2258 1212 2306; x_wconf 89' lang='lat' dir='ltr'><strong>rem</strong></span> <span class='ocrx_word' id='word_1_107' title='bbox 1249 2234 1467 2306; x_wconf 91' lang='lat' dir='ltr'><strong>Silius</strong></span> <span class='ocrx_word' id='word_1_108' title='bbox 1502 2232 2073 2337; x_wconf 36' lang='lat' dir='ltr'><strong>ultra0pudorem</strong></span> <span class='ocrx_word' id='word_1_109' title='bbox 2110 2247 2347 2330; x_wconf 89' lang='lat' dir='ltr'><strong>auget.</strong></span> 
     </span>
    </p>
   </div>
   <div class='ocr_carea' id='block_1_7' title="bbox 662 2394 2219 2484">
    <p class='ocr_par' dir='ltr' id='par_1_12' title="bbox 662 2394 2219 2484">
     <span class='ocr_line' id='line_1_19' title="bbox 662 2394 2219 2484; baseline -0.001 -22"><span class='ocrx_word' id='word_1_110' title='bbox 662 2400 801 2463; x_wconf 86' lang='lat' dir='ltr'><strong>Stat</strong></span> <span class='ocrx_word' id='word_1_111' title='bbox 832 2396 1035 2463; x_wconf 87' lang='lat' dir='ltr'><strong>multa</strong></span> <span class='ocrx_word' id='word_1_112' title='bbox 1063 2395 1129 2461; x_wconf 89' lang='lat' dir='ltr'><strong>in</strong></span> <span class='ocrx_word' id='word_1_113' title='bbox 1161 2410 1340 2484; x_wconf 89' lang='lat' dir='ltr'><strong>tergo</strong></span> <span class='ocrx_word' id='word_1_114' title='bbox 1366 2411 1431 2460; x_wconf 87' lang='lat' dir='ltr'><strong>et</strong></span> <span class='ocrx_word' id='word_1_115' title='bbox 1459 2395 1733 2482; x_wconf 89' lang='lat' dir='ltr'><strong>nigranti</strong></span> <span class='ocrx_word' id='word_1_116' title='bbox 1764 2394 1980 2460; x_wconf 85' lang='lat' dir='ltr'><strong>lancea</strong></span> <span class='ocrx_word' id='word_1_117' title='bbox 2008 2395 2219 2476; x_wconf 76' lang='lat' dir='ltr'><strong>dorso,</strong></span> 
     </span>
    </p>
   </div>
   <div class='ocr_carea' id='block_1_8' title="bbox 657 2499 2502 2667">
    <p class='ocr_par' dir='ltr' id='par_1_13' title="bbox 657 2499 2502 2667">
     <span class='ocr_line' id='line_1_20' title="bbox 657 2499 2245 2590; baseline -0.003 -24"><span class='ocrx_word' id='word_1_118' title='bbox 657 2503 752 2565; x_wconf 91' lang='lat' dir='ltr'><strong>Ac</strong></span> <span class='ocrx_word' id='word_1_119' title='bbox 781 2501 1022 2590; x_wconf 85' lang='lat' dir='ltr'><strong>sylvam</strong></span> <span class='ocrx_word' id='word_1_120' title='bbox 1053 2501 1373 2588; x_wconf 88' lang='lat' dir='ltr'><strong>ingentem</strong></span> <span class='ocrx_word' id='word_1_121' title='bbox 1402 2521 1704 2564; x_wconf 90' lang='lat' dir='ltr'><strong>concusso</strong></span> <span class='ocrx_word' id='word_1_122' title='bbox 1732 2521 1995 2587; x_wconf 87' lang='lat' dir='ltr'><strong>corpore</strong></span> <span class='ocrx_word' id='word_1_123' title='bbox 2026 2499 2245 2564; x_wconf 88' lang='lat' dir='ltr'><strong>vibrat.</strong></span> 
     </span>
     <span class='ocr_line' id='line_1_21' title="bbox 1800 2600 2502 2667; baseline -0.001 -2"><span class='ocrx_word' id='word_1_124' title='bbox 1800 2604 1943 2666; x_wconf 82' lang='lat' dir='ltr'><strong>Su..</strong></span> <span class='ocrx_word' id='word_1_125' title='bbox 1979 2603 2176 2666; x_wconf 61' lang='lat' dir='ltr'><strong>Iun.</strong></span> <span class='ocrx_word' id='word_1_126' title='bbox 2210 2602 2319 2666; x_wconf 91' lang='lat' dir='ltr'><strong>IV.</strong></span> <span class='ocrx_word' id='word_1_127' title='bbox 2354 2600 2502 2667; x_wconf 88' lang='lat'><strong>618.</strong></span> 
     </span>
    </p>
   </div>
   <div class='ocr_carea' id='block_1_9' title="bbox 478 2755 2595 3667">
    <p class='ocr_par' dir='ltr' id='par_1_14' title="bbox 478 2755 2595 3431">
     <span class='ocr_line' id='line_1_22' title="bbox 577 2755 2593 2851; baseline -0.001 -20"><span class='ocrx_word' id='word_1_128' title='bbox 577 2759 792 2841; x_wconf 84' lang='lat' dir='ltr'><strong>Quod</strong></span> <span class='ocrx_word' id='word_1_129' title='bbox 831 2757 1090 2829; x_wconf 86' lang='lat' dir='ltr'><strong>vitium</strong></span> <span class='ocrx_word' id='word_1_130' title='bbox 1141 2756 1217 2827; x_wconf 92' lang='lat' dir='ltr'><strong>in</strong></span> <span class='ocrx_word' id='word_1_131' title='bbox 1270 2759 1406 2829; x_wconf 90' lang='lat' dir='ltr'><strong>hoc</strong></span> <span class='ocrx_word' id='word_1_132' title='bbox 1454 2755 1682 2828; x_wconf 90' lang='lat' dir='ltr'><strong>Poeta</strong></span> <span class='ocrx_word' id='word_1_133' title='bbox 1732 2779 1819 2827; x_wconf 89' lang='lat' dir='ltr'><strong>eo</strong></span> <span class='ocrx_word' id='word_1_134' title='bbox 1870 2755 2099 2851; x_wconf 90' lang='lat' dir='ltr'><strong>magis</strong></span> <span class='ocrx_word' id='word_1_135' title='bbox 2159 2756 2593 2843; x_wconf 89' lang='lat' dir='ltr'><strong>mirandum,</strong></span> 
     </span>
     <span class='ocr_line' id='line_1_23' title="bbox 479 2872 2595 2968; baseline -0 -24"><span class='ocrx_word' id='word_1_136' title='bbox 479 2874 653 2968; x_wconf 90' lang='lat' dir='ltr'><strong>quia</strong></span> <span class='ocrx_word' id='word_1_137' title='bbox 683 2873 938 2945; x_wconf 90' lang='lat' dir='ltr'><strong>humili</strong></span> <span class='ocrx_word' id='word_1_138' title='bbox 971 2876 1392 2965; x_wconf 88' lang='lat' dir='ltr'><strong>plerumque</strong></span> <span class='ocrx_word' id='word_1_139' title='bbox 1426 2883 1502 2943; x_wconf 92' lang='lat' dir='ltr'><strong>et</strong></span> <span class='ocrx_word' id='word_1_140' title='bbox 1534 2872 1792 2943; x_wconf 89' lang='lat' dir='ltr'><strong>timido</strong></span> <span class='ocrx_word' id='word_1_141' title='bbox 1825 2884 1935 2943; x_wconf 90' lang='lat' dir='ltr'><strong>est</strong></span> <span class='ocrx_word' id='word_1_142' title='bbox 1969 2873 2283 2966; x_wconf 79' lang='lat' dir='ltr'><strong>ingenie,</strong></span> <span class='ocrx_word' id='word_1_143' title='bbox 2318 2873 2453 2944; x_wconf 85' lang='lat' dir='ltr'><strong>sibi</strong></span> <span class='ocrx_word' id='word_1_144' title='bbox 2485 2873 2595 2943; x_wconf 91' lang='lat' dir='ltr'><strong>ni-</strong></span> 
     </span>
     <span class='ocr_line' id='line_1_24' title="bbox 481 2982 2590 3080; baseline -0.001 -18"><span class='ocrx_word' id='word_1_145' title='bbox 481 2982 592 3062; x_wconf 79' lang='lat' dir='ltr'><strong>hir</strong></span> <span class='ocrx_word' id='word_1_146' title='bbox 652 2991 972 3071; x_wconf 77' lang='lat' dir='ltr'><strong>credenS,</strong></span> <span class='ocrx_word' id='word_1_147' title='bbox 1024 2999 1100 3059; x_wconf 89' lang='lat' dir='ltr'><strong>et</strong></span> <span class='ocrx_word' id='word_1_148' title='bbox 1151 2999 1316 3059; x_wconf 88' lang='lat' dir='ltr'><strong>tuto</strong></span> <span class='ocrx_word' id='word_1_149' title='bbox 1372 2987 1566 3058; x_wconf 85' lang='lat' dir='ltr'><strong>intra</strong></span> <span class='ocrx_word' id='word_1_150' title='bbox 1625 2989 1869 3058; x_wconf 86' lang='lat' dir='ltr'><strong>orbem</strong></span> <span class='ocrx_word' id='word_1_151' title='bbox 1926 2987 2144 3080; x_wconf 85' lang='lat' dir='ltr'><strong>pedes</strong></span> <span class='ocrx_word' id='word_1_152' title='bbox 2197 2988 2590 3060; x_wconf 89' lang='lat' dir='ltr'><strong>continens.</strong></span> 
     </span>
     <span class='ocr_line' id='line_1_25' title="bbox 481 3101 2591 3199; baseline -0 -21"><span class='ocrx_word' id='word_1_153' title='bbox 481 3106 720 3199; x_wconf 90' lang='lat' dir='ltr'><strong>Atqui</strong></span> <span class='ocrx_word' id='word_1_154' title='bbox 763 3106 839 3176; x_wconf 90' lang='lat' dir='ltr'><strong>in</strong></span> <span class='ocrx_word' id='word_1_155' title='bbox 886 3104 1273 3175; x_wconf 85' lang='lat' dir='ltr'><strong>levioribus</strong></span> <span class='ocrx_word' id='word_1_156' title='bbox 1307 3104 1612 3174; x_wconf 84' lang='lat' dir='ltr'><strong>Poeseos</strong></span> <span class='ocrx_word' id='word_1_157' title='bbox 1652 3101 1900 3173; x_wconf 89' lang='lat' dir='ltr'><strong>officiis</strong></span> <span class='ocrx_word' id='word_1_158' title='bbox 1942 3103 2415 3194; x_wconf 84' lang='lat' dir='ltr'><strong>exsequendis</strong></span> <span class='ocrx_word' id='word_1_159' title='bbox 2448 3128 2591 3177; x_wconf 86' lang='lat' dir='ltr'><strong>nou</strong></span> 
     </span>
     <span class='ocr_line' id='line_1_26' title="bbox 478 3218 2592 3315; baseline -0.001 -21"><span class='ocrx_word' id='word_1_160' title='bbox 478 3247 641 3295; x_wconf 86' lang='lat' dir='ltr'><strong>raro</strong></span> <span class='ocrx_word' id='word_1_161' title='bbox 676 3220 989 3315; x_wconf 88' lang='lat' dir='ltr'><strong>peritum</strong></span> <span class='ocrx_word' id='word_1_162' title='bbox 1025 3243 1101 3291; x_wconf 90' lang='lat' dir='ltr'><strong>se</strong></span> <span class='ocrx_word' id='word_1_163' title='bbox 1140 3218 1506 3311; x_wconf 77' lang='lat' dir='ltr'><strong>praestitit,</strong></span> <span class='ocrx_word' id='word_1_164' title='bbox 1539 3230 1614 3289; x_wconf 90' lang='lat' dir='ltr'><strong>et</strong></span> <span class='ocrx_word' id='word_1_165' title='bbox 1648 3239 1867 3312; x_wconf 88' lang='lat' dir='ltr'><strong>quam</strong></span> <span class='ocrx_word' id='word_1_166' title='bbox 1903 3226 2353 3291; x_wconf 85' lang='lat' dir='ltr'><strong>venustatem</strong></span> <span class='ocrx_word' id='word_1_167' title='bbox 2400 3244 2592 3293; x_wconf 89' lang='lat' dir='ltr'><strong>nunc</strong></span> 
     </span>
     <span class='ocr_line' id='line_1_27' title="bbox 480 3334 2486 3431; baseline -0.001 -20"><span class='ocrx_word' id='word_1_168' title='bbox 480 3338 879 3431; x_wconf 73' lang='lat' dir='ltr'><strong>praesertim</strong></span> <span class='ocrx_word' id='word_1_169' title='bbox 915 3335 1302 3431; x_wconf 73' lang='lat' dir='ltr'><strong>quaerimus</strong></span> <span class='ocrx_word' id='word_1_170' title='bbox 1335 3334 1641 3406; x_wconf 88' lang='lat' dir='ltr'><strong>feliciter</strong></span> <span class='ocrx_word' id='word_1_171' title='bbox 1672 3357 1864 3426; x_wconf 81' lang='lat' dir='ltr'><strong>saepe</strong></span> <span class='ocrx_word' id='word_1_172' title='bbox 1900 3344 2012 3406; x_wconf 77' lang='lat' dir='ltr'><strong>est</strong></span> <span class='ocrx_word' id='word_1_173' title='bbox 2044 3348 2486 3409; x_wconf 88' lang='lat' dir='ltr'><strong>consecutus.</strong></span> 
     </span>
    </p>

    <p class='ocr_par' dir='ltr' id='par_1_15' title="bbox 481 3452 2589 3667">
     <span class='ocr_line' id='line_1_28' title="bbox 583 3452 2589 3547; baseline 0 -20"><span class='ocrx_word' id='word_1_174' title='bbox 583 3457 703 3527; x_wconf 89' lang='lat' dir='ltr'><strong>Ita</strong></span> <span class='ocrx_word' id='word_1_175' title='bbox 747 3454 1055 3526; x_wconf 88' lang='lat' dir='ltr'><strong>hominis</strong></span> <span class='ocrx_word' id='word_1_176' title='bbox 1100 3452 1270 3524; x_wconf 84' lang='lat' dir='ltr'><strong>caesi</strong></span> <span class='ocrx_word' id='word_1_177' title='bbox 1319 3452 1394 3523; x_wconf 92' lang='lat' dir='ltr'><strong>in</strong></span> <span class='ocrx_word' id='word_1_178' title='bbox 1446 3452 1999 3547; x_wconf 84' lang='lat' dir='ltr'><strong>propugnaculis</strong></span> <span class='ocrx_word' id='word_1_179' title='bbox 2047 3463 2124 3525; x_wconf 89' lang='lat' dir='ltr'><strong>et</strong></span> <span class='ocrx_word' id='word_1_180' title='bbox 2170 3476 2300 3545; x_wconf 86' lang='lat' dir='ltr'><strong>per</strong></span> <span class='ocrx_word' id='word_1_181' title='bbox 2348 3478 2589 3528; x_wconf 80' lang='lat' dir='ltr'><strong>muros</strong></span> 
     </span>
     <span class='ocr_line' id='line_1_29' title="bbox 481 3568 1760 3667; baseline -0.005 -24"><span class='ocrx_word' id='word_1_182' title='bbox 481 3572 742 3667; x_wconf 89' lang='lat' dir='ltr'><strong>dejecti</strong></span> <span class='ocrx_word' id='word_1_183' title='bbox 774 3572 1123 3642; x_wconf 86' lang='lat' dir='ltr'><strong>illustrem</strong></span> <span class='ocrx_word' id='word_1_184' title='bbox 1162 3571 1376 3641; x_wconf 80' lang='lat' dir='ltr'><strong>habet</strong></span> <span class='ocrx_word' id='word_1_185' title='bbox 1409 3568 1760 3663; x_wconf 89' lang='lat' dir='ltr'><strong>effigiem:</strong></span> 
     </span>
    </p>
   </div>
   <div class='ocr_carea' id='block_1_10' title="bbox 650 3728 2355 3925">
    <p class='ocr_par' dir='ltr' id='par_1_16' title="bbox 650 3728 2355 3925">
     <span class='ocr_line' id='line_1_30' title="bbox 650 3728 2355 3817; baseline -0.002 -21"><span class='ocrx_word' id='word_1_186' title='bbox 650 3733 821 3796; x_wconf 91' lang='lat' dir='ltr'><strong>Tum</strong></span> <span class='ocrx_word' id='word_1_187' title='bbox 852 3732 1133 3797; x_wconf 88' lang='lat' dir='ltr'><strong>subitum</strong></span> <span class='ocrx_word' id='word_1_188' title='bbox 1163 3731 1228 3795; x_wconf 91' lang='lat' dir='ltr'><strong>in</strong></span> <span class='ocrx_word' id='word_1_189' title='bbox 1259 3730 1492 3795; x_wconf 87' lang='lat' dir='ltr'><strong>vulnus</strong></span> <span class='ocrx_word' id='word_1_190' title='bbox 1519 3754 1800 3817; x_wconf 83' lang='lat' dir='ltr'><strong>praeceps</strong></span> <span class='ocrx_word' id='word_1_191' title='bbox 1829 3728 2186 3793; x_wconf 88' lang='lat' dir='ltr'><strong>devolvitur</strong></span> <span class='ocrx_word' id='word_1_192' title='bbox 2214 3729 2355 3793; x_wconf 89' lang='lat' dir='ltr'><strong>altis</strong></span> 
     </span>
     <span class='ocr_line' id='line_1_31' title="bbox 657 3825 2204 3925; baseline -0.003 -26"><span class='ocrx_word' id='word_1_193' title='bbox 657 3834 1015 3923; x_wconf 87' lang='lat' dir='ltr'><strong>Aggeribus</strong></span> <span class='ocrx_word' id='word_1_194' title='bbox 1042 3832 1232 3912; x_wconf 89' lang='lat' dir='ltr'><strong>muri,</strong></span> <span class='ocrx_word' id='word_1_195' title='bbox 1256 3835 1574 3925; x_wconf 84' lang='lat' dir='ltr'><strong>juxtaque</strong></span> <span class='ocrx_word' id='word_1_196' title='bbox 1603 3825 1891 3897; x_wconf 89' lang='lat' dir='ltr'><strong>cadentia</strong></span> <span class='ocrx_word' id='word_1_197' title='bbox 1919 3831 2204 3896; x_wconf 90' lang='lat' dir='ltr'><strong>membra</strong></span> 
     </span>
    </p>
   </div>
   <div class='ocr_carea' id='block_1_11' title="bbox 654 3936 2495 4101">
    <p class='ocr_par' dir='ltr' id='par_1_17' title="bbox 654 3936 2495 4101">
     <span class='ocr_line' id='line_1_32' title="bbox 654 3936 2480 4101; baseline -0.002 -100"><span class='ocrx_word' id='word_1_198' title='bbox 654 3938 875 4024; x_wconf 60' lang='grc' dir='ltr'><strong>ΕΜ</strong></span> <span class='ocrx_word' id='word_1_199' title='bbox 907 3957 1092 4002; x_wconf 74' lang='lat' dir='ltr'><strong>versa</strong></span> <span class='ocrx_word' id='word_1_200' title='bbox 1121 3937 1351 4001; x_wconf 75' lang='lat' dir='ltr'><strong>calami</strong></span> <span class='ocrx_word' id='word_1_201' title='bbox 1356 3938 1625 4020; x_wconf 77' lang='lat' dir='ltr'><strong>fluoeere</strong></span> <span class='ocrx_word' id='word_1_202' title='bbox 1649 3936 1983 4022; x_wconf 71' lang='lat' dir='ltr'><strong>phmetra.</strong></span> <span class='ocrx_word' id='word_1_203' title='bbox 2236 4033 2294 4098; x_wconf 94' lang='lat'><strong>11</strong></span> <span class='ocrx_word' id='word_1_204' title='bbox 2351 4033 2480 4101; x_wconf 75' lang='lat'><strong>129</strong></span> 
     </span>
     <span class='ocr_line' id='line_1_33' title="bbox 2067 4038 2495 4099; baseline -0.014 0"><span class='ocrx_word' id='word_1_205' title='bbox 2067 4038 2133 4099; x_wconf 76' lang='lat' dir='ltr'><strong>S1</strong></span> <span class='ocrx_word' id='word_1_206' title='bbox 2145 4055 2198 4096; x_wconf 82' lang='grc' dir='ltr'><strong>ι..</strong></span> <span class='ocrx_word' id='word_1_207' title='bbox 2302 4081 2315 4095; x_wconf 94' lang='lat'><strong>.</strong></span> <span class='ocrx_word' id='word_1_208' title='bbox 2482 4081 2495 4093; x_wconf 92' lang='lat'>.</span> 
     </span>
    </p>
   </div>
   <div class='ocr_carea' id='block_1_12' title="bbox 1461 4145 1597 4209">
    <p class='ocr_par' dir='ltr' id='par_1_18' title="bbox 1461 4145 1597 4209">
     <span class='ocr_line' id='line_1_34' title="bbox 1461 4145 1597 4209; baseline 0.015 -2"><span class='ocrx_word' id='word_1_209' title='bbox 1461 4145 1597 4209; x_wconf 64' lang='lat'><strong>023</strong></span> 
     </span>
    </p>
   </div>
   <div class='ocr_carea' id='block_1_13' title="bbox 100 4958 2566 5575">
    <p class='ocr_par' dir='ltr' id='par_1_19' title="bbox 100 4958 2566 5575">
     <span class='ocr_line' id='line_1_35' title="bbox 100 4958 2566 5575; baseline 0 0"><span class='ocrx_word' id='word_1_210' title='bbox 100 4958 2566 5575; x_wconf 95' lang='lat' dir='ltr'><strong> </strong></span> 
     </span>
    </p>
   </div>
   <div class='ocr_carea' id='block_1_14' title="bbox 3459 78 3460 822">
    <p class='ocr_par' dir='ltr' id='par_1_20' title="bbox 3459 78 3460 822">
     <span class='ocr_line' id='line_1_36' title="bbox 3459 78 3460 822; baseline 0 0"><span class='ocrx_word' id='word_1_211' title='bbox 3459 78 3460 822; x_wconf 95' lang='lat' dir='ltr'><strong> </strong></span> 
     </span>
    </p>
   </div>
  </div>
 </body>
</html>
