3559 5575
459 83 524 144 440
786 120 790 126 ·
812 77 936 142 PARS
960 76 1150 141 TERTIA
1208 77 1322 140 Pnnr..
1339 74 1548 142 XXXIV.

458 252 574 335 facile,
591 262 635 324 ut
651 273 765 344 spero,
783 249 963 344 intelliget
980 247 1109 342 aliquis
1129 269 1357 341 nequaquam
1380 250 1466 320 ista
1494 249 1547 319 de

460 366 658 438 Phantnsia
687 367 795 438 modo
821 366 920 437 dicta
946 387 1030 438 cum
1056 364 1236 435 unirersae
1263 363 1352 434 artis
1381 364 1546 460 legibus
1679 417 1680 442 r

460 505 631 577 pugnare.

511 711 674 782 Primum
692 710 805 806 igitur
822 711 868 780 ab
885 709 1056 780 Asiaticis
1073 708 1110 778 in
1129 731 1173 779 eo
1189 717 1348 778 erratum
1365 731 1445 780 esse
1473 731 1543 779 ar-

461 827 584 908 bitror,
601 828 699 919 quod
725 826 877 896 nimium
904 826 989 896 huic
1014 825 1180 896 facultati
1205 825 1381 910 tribuant,
1399 847 1447 896 ne
1475 824 1541 894 di·

461 965 541 1013 cam
568 953 681 1013 totam
710 941 868 1013 Poeticae
889 941 962 1010 vim
986 940 1038 1010 ibi
1060 939 1213 1032 positam
1232 940 1354 1010 velint.
1409 940 1539 1009 Nam·

461 1082 543 1152 que,
560 1070 604 1129 ut
624 1059 669 1130 ab
694 1057 868 1150 exemplis
895 1066 1148 1150 argumentum
1174 1057 1304 1126 ducam
1330 1078 1353 1125 a
1374 1053 1537 1124 Jonesio

462 1183 586 1244 nostro
610 1173 707 1244 inter
731 1171 972 1266 pulcherrima
997 1193 1121 1242 eorum
1152 1170 1285 1263 scriptu
1315 1169 1459 1251 habitis,
1487 1168 1535 1239 id

462 1290 568 1360 unice
585 1290 699 1383 egisse
712 1289 857 1361 videtur
868 1287 1030 1379 scriptor,
1044 1297 1086 1356 ut
1098 1285 1274 1379 quicquid
1282 1285 1356 1356 sibi.
1365 1285 1533 1356 maxime

460 1405 499 1475 in
527 1404 664 1475 deliciis
689 1403 809 1485 fuerit,
833 1404 931 1472 nulla
952 1400 1021 1471 loci
1045 1411 1110 1471 aut
1125 1401 1297 1492 temporis
1314 1399 1532 1492 opportuni·

463 1529 540 1588 tate
564 1519 706 1601 ductus,
731 1518 808 1587 sine
834 1540 934 1587 more
958 1516 1134 1587 effundat.
1187 1515 1286 1586 Hinc
1308 1515 1382 1585 illae
1403 1515 1529 1586 decim

463 1632 627 1724 repetitae
657 1632 703 1702 de
731 1632 911 1702 amoribus
939 1631 1154 1703 cantilenae:
1181 1630 1268 1701 hinc
1295 1655 1405 1715 rosas,
1436 1633 1528 1722 bya-

463 1748 616 1834 cinthos,
640 1745 819 1831 luscinias,
845 1747 1014 1818 hinnulos
1040 1747 1212 1818 continuo
1241 1758 1410 1839 crepant:
1437 1747 1526 1816 hine

462 1864 580 1933 fontes
597 1873 635 1933 et
652 1861 813 1955 pomaria
828 1871 865 1932 et
882 1863 1069 1932 hortorum
1094 1860 1319 1931 amoenitates
1342 1861 1525 1931 cantando

464 1977 559 2049 diem
586 1986 788 2048 conterunt.
840 1976 956 2046 “Mos
979 1999 1109 2067 nempe
1132 1987 1210 2045 erut
1232 1979 1449 2066 perpetuns”
1466 1977 1523 2067 (ut

463 2093 488 2162 J
490 2093 602 2164 onesii
617 2092 729 2184 ipsius
746 2090 862 2162 verbis
880 2092 979 2180 utar)
1000 2089 1194 2184 “antiquis
1211 2090 1376 2161 Arabum
1395 2089 1523 2182 poetis,

463 2215 485 2248 “
503 2219 568 2279 aut
593 2210 638 2278 ab
664 2206 845 2277 amoribus
874 2229 1002 2297 poema
1031 2205 1152 2288 ordiri,
1177 2214 1242 2276 aut
1268 2228 1432 2276 amorum
1461 2208 1521 2277 de-

464 2323 733 2415 “scriptionem
752 2321 870 2392 medio
893 2320 1051 2413 poemati
1074 2331 1157 2412 apte
1179 2321 1366 2402 intexere3
1391 2321 1520 2394 deinde

464 2447 637 2528 “equum
655 2448 719 2508 aut
736 2437 912 2506 camelum
930 2435 1140 2519 describere,
1155 2457 1228 2527 quo
1245 2435 1341 2506 vecti
1362 2436 1410 2506 ad
1435 2437 1520 2506 ami-

465 2560 487 2590 “
505 2572 629 2619 carum
645 2549 801 2620 tentoria
819 2550 1051 2631 accederent3
1077 2559 1115 2620 et
1127 2559 1251 2640 postea
1268 2550 1315 2620 ad
1332 2572 1519 2644 argumen-

465 2674 488 2706 “
505 2673 584 2733 tum
619 2663 841 2753 praecipuum
876 2665 1021 2734 uberius
1055 2665 1286 2736 tractandum
1321 2687 1519 2756 properare,

465 2789 487 2821 ‘⁶
505 2779 618 2851 donec
635 2802 699 2871 per
716 2801 862 2849 suarem
878 2801 999 2850 rerum
1018 2780 1230 2851 varietatem
1248 2804 1391 2852 carmen
1411 2781 1522 2851 dedu·

467 2904 489 2937 “
506 2904 639 2975 centes,
663 2895 765 2985 lapsu
792 2895 948 2987 quodam
975 2894 1137 2971 molliet
1162 2897 1341 2989 aequabili,
1364 2895 1401 2965 in
1427 2896 1522 2965 clau·

466 3022 488 3053 ‘⁶
506 3012 621 3081 sulam
639 3008 741 3102 quasi
752 3009 871 3081 subito
883 3011 1084 3081 caderent.”
1121 3008 1228 3082 Puer.
1242 3009 1369 3082 Asini.
1386 3007 1521 3082 Coma.

467 3148 544 3217 cap.
563 3124 637 3194 111.

519 3238 601 3308 Hoc
628 3250 750 3311 autem
778 3242 883 3311 molle
909 3250 946 3311 et
972 3239 1164 3312 delicatum
1190 3265 1304 3336 genus
1330 3242 1393 3333 qui
1417 3239 1522 3310 unice

466 3353 601 3435 colunt,
620 3356 700 3446 quis
722 3379 793 3427 non
812 3356 911 3427 videt
928 3380 988 3427 eos
1011 3357 1230 3449 amplissima
1254 3356 1413 3428 Poeticae
1434 3354 1522 3426 artis

466 3467 583 3558 spatia
616 3472 722 3558 plane
755 3471 902 3552 nescire,
933 3482 970 3542 et
996 3473 1193 3543 uberrimos
1218 3472 1297 3543 illos
1328 3470 1523 3563 voluptatis

468 3582 596 3664 fontes,
622 3582 684 3674 qui
713 3606 760 3653 ex
786 3584 995 3656 Imitatione
1020 3596 1058 3657 et
1084 3586 1284 3657 Affectibus
1313 3596 1433 3657 ortum
1462 3586 1526 3655 ba·

468 3698 582 3770 bent?
610 3698 707 3768 Tum
730 3720 776 3769 ne
798 3697 867 3791 ipsi
889 3700 1035 3794 quidem
1054 3701 1262 3773 Phantnsiae
1287 3724 1363 3773 suae
1386 3701 1437 3772 sic
1462 3724 1527 3793 op-

470 3814 557 3885 time
574 3816 776 3887 consultum
794 3814 960 3898 dixerim,
977 3838 1061 3909 quae
1084 3840 1155 3888 non
1177 3828 1253 3889 tam
1270 3819 1388 3910 placet
1404 3817 1526 3888 solitu·

468 3929 534 4011 ria,
550 3952 659 4023 quam
681 3943 893 4003 caeterarum
915 3930 952 4001 in
971 3942 1136 4022 poemate
1153 3933 1330 4005 virtutum
1348 3932 1524 4003 comitatu
