3559 5575
449 177 670 240 Pam..
705 176 800 240 X.
1101 176 1229 240 DE
1279 175 1912 240 IMITATIONE.
2437 177 2565 241 147

1485 346 1695 425 Vivat,
1727 369 1811 410 an
1838 343 1941 409 ille

617 447 909 527 Accidat,
942 448 1006 510 in
1038 447 1158 512 Dis
1185 464 1315 512 est:
1365 447 1536 513 vivat
1566 461 1815 513 tamen:
1862 446 2057 533 idque
2087 445 2331 533 precari

612 550 733 617 Vel
763 550 895 615 sine
921 573 1134 615 amore
1161 564 1339 615 -1cet:
1388 551 1543 638 quid
1571 553 1741 615 enim
1770 551 2082 614 commisit
2109 550 2315 614 Jason
2338 551 2372 612 ἓ

619 654 814 725 Quem
843 654 975 715 nisi
1004 653 1315 715 crudelem
1347 674 1472 716 non
1504 666 1719 739 tangat
1755 654 1803 716 J
1805 649 2012 716 asonis
2041 665 2193 714 aetas

613 755 707 816 Et
731 775 956 840 genus,
985 767 1050 815 et
1080 751 1279 816 virtus
1299 756 1327 814 ?
1934 753 2132 815 Mm.
2165 751 2325 814 VII.
2361 752 2463 815 23.

440 923 713 1017 Aliqua
746 947 839 994 ex
875 923 1332 1017 sequentibus
1367 925 1602 995 minus
1636 926 1901 1017 probo:
1959 935 2040 995 ut
2074 945 2299 1018 quum
2335 922 2552 995 maris

442 1038 760 1130 pericula
792 1039 870 1107 in
917 1060 1215 1108 numero
1261 1061 1508 1109 eorum
1551 1039 1778 1131 ponit,
1812 1063 1974 1132 quae
2023 1037 2383 1130 proposito
2431 1040 2554 1109 ob-

445 1162 637 1224 stare
669 1153 1405 1246 videbantur—quasi
1446 1156 1605 1224 haec
1650 1178 1795 1225 non
1839 1177 2025 1223 vana
2068 1175 2353 1245 prorsus
2403 1177 2554 1245 prae

442 1269 693 1339 ardore
761 1271 1089 1362 concepti
1148 1270 1409 1340 amoris
1469 1270 1716 1341 habita
1768 1279 2028 1340 essent.
2132 1269 2554 1362 Cujusmodi

438 1385 792 1457 erroribus
826 1385 1171 1456 Ovidium
1209 1409 1351 1456 non
1388 1409 1547 1456 raro
1580 1384 1943 1457 irretitum
1989 1383 2340 1466 novimuS,
2377 1385 2551 1455 dum

435 1501 725 1596 ingenio
760 1510 889 1573 su'o
922 1503 1216 1596 obsequi
1249 1526 1464 1595 quam
1499 1512 1784 1573 naturae
1821 1500 2045 1572 malit.

455 1632 471 1651 Α·
538 1617 835 1688 Nemini
891 1619 1167 1689 interea
1226 1618 1301 1689 in
1359 1628 1674 1690 mentem
1737 1618 2013 1688 venisse
2066 1618 2368 1700 confide,
2431 1640 2548 1688 me

439 1733 679 1804 Graeci
714 1735 961 1804 Poetae
995 1734 1314 1805 carmina
1346 1759 1431 1805 eo
1467 1736 1707 1805 animo
1740 1734 2141 1826 protulisse,
2168 1744 2255 1804 ut
2279 1734 2548 1825 primas

435 1849 746 1943 Virgilio
796 1851 1014 1920 etiam
1066 1852 1202 1921 hac
1260 1851 1333 1919 in
1397 1861 1601 1943 parte
1662 1850 2118 1944 denegandas
2171 1873 2325 1919 esse
2385 1871 2553 1919 cen-

441 1986 661 2034 seam.
747 1964 960 2045 Quod
991 1976 1076 2036 ut
1113 1989 1155 2035 a
1187 1989 1267 2035 re
1300 1974 1375 2035 et
1404 1964 1730 2048 veritate,
1764 1965 1871 2036 ita
1903 1965 2313 2059 longissime
2347 1964 2549 2034 abest

443 2100 487 2145 a
527 2075 805 2168 judicio
851 2100 933 2146 ac
967 2080 1337 2149 voluntate
1372 2101 1553 2148 mea.
1653 2079 1850 2160 Quin
1904 2080 2143 2149 omnia
2194 2078 2342 2148 fere
2382 2100 2547 2170 quae

443 2201 760 2262 mentem
825 2194 960 2262 hoc
1031 2195 1277 2263 morbo
1344 2193 1599 2263 misere
1660 2207 1998 2264 vexatam
2058 2192 2400 2276 indicant,
2460 2191 2551 2262 ab

443 2305 602 2376 aliis
661 2307 890 2399 poetis
947 2307 1176 2379 fusius
1235 2319 1565 2396 tractata,
1627 2308 1744 2380 hic
1803 2333 2041 2402 presse
2100 2334 2185 2381 ac
2240 2309 2549 2382 breviter

439 2422 764 2495 absolvit.

615 2570 804 2634 Nunc
833 2569 1043 2633 media
1072 2571 1344 2634 AEneam
1373 2591 1580 2633 secum
1611 2593 1726 2657 per
1755 2569 1986 2633 moenia
2013 2570 2226 2644 ducit;

615 2671 1025 2759 Sidoniasque
1054 2686 1325 2737 ostentat
1353 2696 1529 2759 opes,
1564 2673 1912 2760 urbemque
1941 2691 2257 2760 paratam:

614 2773 846 2861 Incipit
875 2774 1075 2853 effari,
1108 2773 1438 2861 mediaque
1467 2774 1532 2837 in
1564 2798 1714 2838 voce
1742 2774 1993 2839 resistit.

612 2878 805 2940 Nunc
833 2876 1076 2955 eadem,
1105 2875 1354 2940 labente
1383 2876 1510 2968 die,
1540 2876 1830 2941 convivia
1855 2877 2108 2961 quaerit,

617 2978 968 3065 Iliacosque
995 2978 1223 3041 iterum
1253 2977 1512 3042 demens
1540 2978 1760 3042 audire
1782 2978 2026 3041 labores

616 3080 946 3166 Exposeit,
976 3078 1337 3166 pendetque
1363 3078 1592 3142 iterum
1622 3078 1934 3141 narrantis
1960 3078 2043 3141 ab
2071 3100 2199 3141 ore.

616 3185 798 3262 Post,
828 3180 940 3245 ubi
968 3180 1252 3267 digressi,
1284 3179 1625 3265 lumenque
1654 3179 1921 3243 obscura
1949 3178 2213 3243 vicissim

615 3287 809 3351 Luna
837 3283 1087 3372 premit,
1120 3281 1516 3368 suadentque
1545 3281 1833 3346 cadentia
1861 3281 2064 3347 sidera
2091 3305 2358 3361 somnos,

614 3388 762 3455 Sola
787 3387 978 3452 domo
1003 3400 1227 3450 moeret
1255 3408 1476 3463 vacua,
1506 3385 1840 3473 stratisque
1863 3385 2094 3451 relictis

611 3490 904 3556 Incubat.
994 3488 1184 3553 Illum
1213 3488 1437 3552 absens
1463 3488 1782 3552 absentem
1809 3488 2118 3575 auditque
2147 3490 2464 3579 videtque,

611 3599 755 3659 Aut
782 3592 1022 3680 gremio
1053 3592 1423 3669 Ascanium,
1453 3591 1752 3678 genitoris
1775 3591 2049 3680 imagine
2074 3608 2282 3681 capta,

611 3696 895 3776 Detinet,
925 3695 1255 3760 infandum
1287 3694 1338 3758 si
1370 3694 1583 3759 fallere
1613 3695 1808 3782 possit
1835 3718 2127 3760 amorem.

2002 3798 2157 3863 ΖΕΝ.
2191 3800 2310 3863 IV.
2343 3802 2447 3867 74.

436 3935 672 4029 Atqui
704 3933 780 4005 in
815 3945 996 4006 aestu
1030 3934 1152 4006 illo
1186 3935 1455 4005 irarum
1491 3943 1566 4004 et
1598 3932 1957 4006 furoribus
1993 3935 2253 4005 mentis
2289 3934 2536 4025 depin-

436 4053 689 4149 gendis
725 4051 1114 4123 maximam
1148 4053 1304 4146 ejus
1336 4051 1486 4120 vim
1520 4051 1833 4145 conspici
1867 4051 2298 4143 jampridem
2337 4048 2532 4119 dixi:

1415 4183 1467 4233 1.
1505 4171 1550 4235 2
