3559 5575
275 535 386 602 Pur..
405 535 442 598 V.
596 535 662 599 DE
687 534 1003 600 ΙΜΙΤΑΤΙΟΝΕ.
1289 535 1334 606 ω

273 709 474 801 praesertim
492 708 623 804 agitur,
639 708 747 804 longe
761 709 866 780 abest
880 708 1060 795 Valerius,
1076 731 1184 803 quem
1208 719 1331 782 tamen

272 824 310 896 in
328 825 469 896 caeteris
486 825 615 896 ducem
632 849 738 897 sunm
751 825 864 920 aquis
877 824 952 898 fere
963 824 1125 919 passibus
1137 827 1239 920 sequi
1250 825 1332 898 dix·

272 941 373 1013 erim.
425 941 497 1012 Sed
520 963 567 1013 ex
587 943 784 1014 minoribus
801 943 917 1035 poetis
933 942 1090 1035 petenda
1106 952 1192 1013 sunt
1208 965 1331 1014 exem-

271 1059 331 1151 pla
348 1077 431 1151 quse
449 1081 525 1129 rem
543 1069 708 1130 accurate
726 1059 1075 1152 expediunt-certe
1098 1082 1181 1153 quae
1201 1059 1242 1130 id
1262 1059 1331 1130 im-

270 1195 381 1266 pense
398 1175 558 1256 student,
575 1183 618 1245 ut
632 1175 808 1270 imagines
831 1175 1005 1268 quasdam
1028 1174 1131 1246 nobis
1155 1185 1330 1270 tanquam

271 1291 519 1384 spectantibus
537 1288 718 1384 objiciant
769 1291 886 1374 Quale
902 1301 958 1363 est
973 1291 1065 1361 illud
1082 1291 1212 1373 Italici,

359 1443 501 1530 Jamque
515 1443 596 1508 adeo
609 1443 725 1530 egressi
740 1457 890 1510 steterant
902 1446 935 1509 in
949 1445 1040 1510 litore
1054 1443 1169 1533 primo,

360 1544 407 1611 Et
422 1558 567 1632 promota
581 1545 668 1626 ratis,
676 1547 890 1634 pendentibus
904 1548 1018 1612 arbore
1030 1549 1153 1627 nautia,

358 1650 501 1737 Aptahut
514 1651 632 1715 aenam
640 1651 793 1738 patiami
807 1652 943 1716 carbasa
958 1659 1060 1716 vento.

923 1756 994 1819 Srn.
1010 1757 1111 1819 Iran.
1127 1755 1200 1819 111.
1212 1756 1285 1818 128.

271 1887 412 1961 Eadem
429 1888 504 1961 lere
521 1911 578 1962 res
595 1887 715 1962 adhuc
727 1889 912 1963 venustius
930 1913 954 1962 a
970 1889 1119 1963 Lucano
1136 1889 1316 1986 aperitur!

360 2033 470 2100 Sidera
483 2035 587 2122 pn'ma
599 2029 664 2124 poli
679 2035 805 2102 Phoebo
818 2029 945 2102 labente
960 2033 1021 2101 sub
1036 2033 1139 2102 undas

358 2137 524 2218 Exierant,
540 2151 573 2202 et
585 2137 662 2203 luna
675 2162 749 2204 suas
757 2140 826 2228 jam
841 2139 959 2204 fecerat
972 2140 1119 2205 umbras:

300 2293 303 2298 .
359 2239 443 2304 Cum
457 2239 576 2327 pariter
590 2239 710 2305 solvere
723 2254 817 2319 rates,
833 2257 981 2328 totosque
994 2240 1146 2306 rudentes

360 2339 525 2404 Laxavere
539 2340 643 2406 sinus:
667 2357 700 2406 et
713 2340 798 2406 flexo
811 2341 919 2406 navita
932 2363 1032 2404 eoruu
1048 2343 1051 2347 ’

361 2441 516 2528 Obliquat
528 2441 610 2506 laevo
624 2441 705 2530 pede
720 2439 859 2522 carbasa,
876 2465 1064 2528 summaque
1078 2441 1220 2529 pandens

362 2545 510 2632 Suppara
525 2543 666 2609 velorum
680 2544 839 2631 perituras
852 2542 972 2630 oolligit
985 2565 1088 2607 auras

360 2647 411 2712 Ut
426 2646 564 2734 primum
579 2645 679 2710 levior
692 2645 868 2735 propellere
881 2644 979 2710 lintea
992 2658 1107 2710 ventus

361 2749 491 2839 Incipit,
506 2749 724 2838 exiguumque
739 2763 873 2829 tument,
889 2772 964 2816 mox
978 2748 1103 2815 reddita
1117 2746 1201 2814 malo

360 2854 400 2917 ln
415 2848 552 2919 mediam
567 2852 708 2919 oecidere·
720 2864 837 2918 ratem:
862 2864 1009 2940 terraque
1022 2852 1131 2918 relicta

358 2958 432 3021 Non
446 2957 531 3023 valet
544 2957 614 3045 ipsa
627 2956 717 3044 sequi
730 2975 866 3045 puppes,
881 2978 957 3044 quae
971 2970 1100 3022 vexerat
1113 2978 1204 3021 aura.

999 3060 1138 3126 Lucas.
1152 3061 1193 3123 V.
1208 3060 1285 3125 424.

321 3196 425 3269 Nihil
441 3207 564 3269 autem
580 3198 690 3269 habet
709 3196 891 3267 Homerus
906 3218 991 3289 quae
1006 3195 1186 3293 remigum
1208 3206 1328 3269 motus

270 3323 444 3408 tanquam
462 3312 707 3404 spectaculum
724 3310 969 3404 praetendunt,
985 3318 1030 3381 ut
1044 3311 1108 3381 illa
1125 3310 1265 3393 Italici;

359 3478 419 3554 At,
433 3472 545 3562 patulo
559 3494 692 3560 surgens
701 3472 770 3559 jam
784 3470 909 3536 dudum
922 3494 963 3535 ex
977 3494 1117 3557 aquare,
1131 3470 1194 3539 late

358 3576 516 3644 Nauticus
528 3574 682 3663 implebat
695 3572 873 3639 resonantia
886 3572 980 3638 litora
992 3572 1122 3651 clamor,

356 3684 414 3762 Et,
429 3680 529 3746 simul
541 3678 689 3763 adductis
696 3698 855 3766 parmasu
868 3676 914 3741 aa
919 3684 1052 3764 pectora
1067 3678 1179 3757 anst,

358 3786 502 3851 Centeno
515 3783 635 3847 fractus
649 3780 818 3869 spumabat
832 3780 962 3846 verbere
975 3792 1104 3868 pontiu.

468 3896 469 3901 ’
934 3884 1004 3948 Su..
1021 3883 1123 3949 Inar..
1140 3885 1189 3949 11.
1203 3886 1280 3955 «187.

270 4040 360 4124 Quis
385 4064 470 4113 vero
494 4039 640 4111 lintrem
666 4060 738 4109 non
768 4038 969 4109 subsultare
997 4037 1114 4111 cernit
1137 4038 1226 4112 dum
1254 4040 1326 4113 ista

267 4158 449 4255 perlegit?

358 4328 486 4405 Quanta
498 4340 546 4390 est
558 4325 606 4389 vis
619 4324 695 4412 agili
709 4346 768 4412 per
780 4320 897 4389 aaernla
911 4344 1035 4389 stamma
1049 4322 1216 4403 Liburna,

357 4430 451 4509 Quae,
462 4427 580 4516 pultes
593 4426 718 4515 quoties
729 4439 883 4493 revetata
897 4425 940 4492 ad
953 4438 1082 4515 pectora
1095 4437 1195 4491 tonsa

766 4538 832 4603 Μ
1021 4541 1024 4548 ’
