3559 5575
477 209 522 270 84
846 203 969 269 PARS
991 203 1154 268 PRIMA
1345 206 1457 270 Paat.
1475 208 1537 272 VI.

478 403 559 453 rum
576 379 755 453 exercitus
773 376 832 448 siti
849 399 954 468 paene
975 376 1144 449 deficiam
1166 376 1316 449 taudem
1337 377 1450 452 fluvio
1471 404 1536 473 ap-

478 496 706 590 propinquat,
723 493 957 564 tumultuosae
973 491 1216 563 multitudinis
1236 494 1433 588 imaginem
1454 495 1536 588 pari

400 639 402 646 ·
478 622 556 684 arte
590 609 748 702 exponit.
801 607 969 678 Profecto
995 607 1098 701 vigor
1125 607 1221 678 inest
1250 610 1466 682 carminibus
1494 623 1534 684 et

478 728 624 821 spiritus
642 750 724 798 vere
742 723 931 796 Poeticus:
962 745 1074 816 quare
1098 723 1129 793 si
1155 723 1299 818 integra
1324 727 1531 811 recitentur,

478 842 589 915 taedio
613 841 762 914 fortasse
788 839 923 912 mederi
952 848 1136 931 poterunt,
1160 840 1258 932 quod
1287 842 1334 911 ab
1358 842 1532 934 exemplis

477 958 593 1030 oritur
609 957 816 1030 minutatim
833 955 994 1028 concisis.

1041 1071 1183 1156 Jamque
1195 1090 1288 1133 amne
1302 1069 1481 1157 propinquo

563 1177 677 1242 Rauca
691 1187 781 1240 sonat
796 1171 896 1250 vallis,
911 1194 1123 1258 saxosumque
1136 1169 1264 1258 impulit
1276 1195 1369 1236 aures

565 1279 735 1343 Murmur:
759 1275 803 1340 ibi
819 1275 965 1339 exultans
979 1273 1153 1338 conclamat
1166 1273 1207 1338 ab
1222 1273 1347 1359 agmine
1362 1273 1473 1361 primo,

565 1379 654 1445 Sicut
668 1392 745 1458 erat,
764 1377 885 1442 levibus
900 1375 1012 1442 tollens
1027 1375 1143 1440 vexilla
1156 1376 1302 1464 maniplis
1430 1393 1436 1401 ·

564 1482 685 1568 Argus,
702 1484 824 1568 Aquae:
849 1479 1027 1567 longusque
1042 1480 1145 1544 virum
1161 1502 1257 1566 super
1271 1503 1326 1543 ora
1340 1479 1478 1545 cucurrit

564 1583 702 1660 Clamor,
719 1585 835 1668 Aquae.
882 1581 934 1644 Sic
949 1581 1112 1648 Ambracii
1127 1604 1184 1669 per
1198 1581 1304 1646 littora
1318 1581 1407 1669 ponti

562 1684 719 1749 Nauticus
732 1683 764 1747 in
780 1681 872 1746 remis
882 1683 1050 1770 juvenum,
1066 1697 1259 1748 monstrante
1271 1683 1431 1771 magistro,

563 1786 619 1851 Fit
634 1807 739 1864 sonus,
754 1785 851 1871 inque
865 1784 965 1848 vicem
980 1800 1089 1850 contra
1104 1808 1252 1873 percussa
1266 1784 1413 1850 reclamat

563 1891 677 1968 Terra,
693 1889 847 1953 salutatus
860 1911 935 1954 cum
949 1889 1100 1954 Leucada
1114 1888 1227 1976 pandit
1241 1888 1373 1976 Apollo.

563 1993 743 2058 Incubuere
756 1989 844 2055 vadis
859 1988 976 2077 passim
989 1990 1167 2055 discrimine
1181 1989 1271 2055 nullo

476 2117 478 2126 ·
562 2094 678 2159 Turba
691 2091 784 2158 simul
799 2090 976 2179 primique;
1001 2092 1112 2179 nequit
1126 2115 1285 2158 secernere
1300 2092 1415 2156 mixtos

561 2198 673 2285 AEqua
687 2197 770 2262 sitis:
794 2196 919 2260 frenata
932 2195 997 2259 suis
1010 2195 1043 2259 in
1058 2195 1204 2260 curribus
1217 2195 1336 2260 intrant

561 2301 728 2380 Armenta,
745 2315 777 2364 et
790 2298 875 2386 pleni
890 2297 1037 2378 dominis,
1053 2297 1212 2385 armisque
1226 2298 1376 2363 feruntur

561 2401 808 2490 Quadrupedes:
833 2399 891 2464 hos
907 2399 1001 2464 turbo
1015 2424 1125 2488 rapax,
1141 2400 1199 2465 bos
1213 2399 1336 2465 lubrica
1349 2399 1463 2464 fallunt

563 2505 663 2568 Saxa:
688 2525 745 2567 neo
760 2499 927 2588 implicitos
940 2499 1039 2567 fluvio
1053 2503 1227 2568 reverentia
1241 2525 1330 2590 reges

561 2607 736 2685 Proterere‚
752 2617 809 2668 aut
823 2603 965 2669 mersisse
977 2605 1060 2670 vado
1074 2605 1237 2672 clamantis
1250 2605 1341 2669 amici

561 2707 638 2770 Ora.
1203 2710 1317 2772 Tnaa.
1334 2709 1392 2772 IV.
1407 2709 1481 2771 800.

474 2813 689 2886 Oommunia
708 2823 793 2883 sunt
810 2812 869 2884 bic
891 2814 1070 2906 quoedam,
1087 2834 1205 2908 neque
1229 2815 1327 2887 omni
1352 2838 1401 2885 ex
1425 2822 1527 2906 parte

472 2930 613 3003 Lucani
631 2930 720 3003 vitio
737 2941 880 3012 carent;
907 2932 971 3002 sed
986 2932 1083 3024 quod
1099 2932 1281 3024 proposito
1297 2942 1420 3003 nostro
1436 2952 1527 3023 prae-

473 3046 577 3141 cipue
594 3048 761 3120 convenit
778 3060 833 3121 est
849 3048 886 3118 in
905 3049 1082 3143 jumentis
1105 3072 1277 3121 unacum
1295 3049 1380 3121 viris
1396 3048 1444 3119 ad
1459 3045 1527 3116 flu·

472 3187 555 3237 men
573 3164 856 3258 properantibus,
874 3175 911 3236 et
928 3187 1049 3235 secum
1066 3189 1177 3236 onera
1200 3189 1242 3236 ac
1264 3188 1390 3237 currus
1412 3165 1451 3234 in
1476 3163 1526 3233 al-

472 3305 578 3353 veum
598 3282 754 3352 fluminis
772 3281 979 3352 ferentibus.

522 3394 680 3489 Elegans
706 3416 811 3485 porro
837 3396 926 3465 mihi
952 3418 1092 3488 semper
1114 3396 1211 3465 visus
1236 3406 1301 3479 est,
1324 3405 1434 3489 atque
1458 3396 1526 3465 bac

471 3510 668 3603 praesertim
695 3510 830 3579 virtute
860 3510 1024 3605 insignis,
1046 3512 1179 3582 inians·
1194 3511 1258 3583 ille
1285 3510 1464 3582 dormiens
1486 3509 1524 3579 in

470 3623 608 3707 Quinto
627 3625 852 3707 Thebaidos;

557 3782 617 3847 llle
631 3807 743 3870 graves
757 3785 865 3851 oculos
880 3785 1127 3875 languentiaque
1142 3810 1198 3853 ora
1211 3787 1349 3853 comanti

557 3886 677 3973 Mergit
692 3886 808 3963 bumo;
837 3888 1002 3975 fessusque
1017 3889 1072 3953 diu
1088 3889 1263 3976 puerilibus
1276 3888 1354 3952 actis

557 3988 693 4054 Labitur
707 3990 739 4054 in
755 4012 896 4056 somnos:
914 4012 1038 4078 prensa
1053 4014 1169 4057 mortus
1182 3993 1282 4056 ltaeret
1295 3993 1332 4054 in
1346 3990 1454 4054 herba.

1219 4096 1334 4159 Tura.
1351 4094 1391 4159 V.
1406 4095 1479 4159 502.
