3559 5575
456 141 522 205 152
821 137 945 203 rnna
966 99 1148 203 rnrun'
1313 137 1426 202 rut.
1443 137 1521 205 xr.

455 323 574 386 essent
591 319 772 404 praestare.
807 311 910 384 Bene
926 312 1005 396 hoc,
1022 310 1131 382 sicuti
1145 318 1183 382 et
1200 309 1272 380 alia
1287 331 1520 404 quaecunque

456 430 503 500 ad
515 429 689 499 violentos
707 425 818 497 animi
837 438 956 498 motus
972 427 1168 520 pertinent,
1181 425 1306 520 attigit
1319 425 1518 518 Euripiden

455 546 493 616 in
513 544 775 636 Medea-quae
798 543 907 620 enixe
929 554 1009 614 orat
1030 542 1199 618 nuntium
1223 551 1264 614 ut
1288 565 1335 613 ne
1360 553 1515 615 mortem

456 660 680 731 inimicorum
703 682 848 730 narrare
865 659 1023 745 festinet,
1041 659 1104 729 sed
1120 667 1235 730 totam
1252 679 1332 729 rem
1348 670 1516 731 accurate

456 776 603 869 aperiat.
654 775 883 868 Quamquam
901 775 997 846 enim
1015 775 1054 845 iu
1070 797 1147 846 rem
1164 775 1298 845 laetam
1316 784 1353 846 et
1366 784 1514 866 praeter-

455 891 545 963 itam
575 901 726 984 quaerat‚
749 912 821 960 non
847 889 1040 982 prospiciat
1068 890 1242 974 futuram,
1265 899 1428 960 attamen
1454 913 1514 960 ea·

457 1008 539 1079 dem
564 1007 763 1100 cupiditate
789 1005 918 1102 flagrat
943 1005 1084 1077 animus
1109 1006 1285 1077 ultionem
1309 1007 1513 1100 spectaculo

458 1123 639 1217 explendi.

802 1234 901 1300 'AM
915 1237 955 1318 μὴ
969 1232 1107 1320 valam,
1118 1233 1210 1317 φὶλος,

543 1337 690 1402 ΛΕΞΟΝ
704 1337 739 1399 Δ’
753 1335 885 1402 ὈΠΩΣ
899 1338 1085 1399 ΩΔΟΝΊῸ*
1110 1336 1148 1410 δὶς
1162 1335 1245 1399 τόσον
1259 1338 1318 1423 γὰρ
1333 1333 1368 1399 ἂν

543 1437 684 1522 Τίρψειας
699 1443 782 1518 ἡμᾶς,
798 1445 821 1500 el
836 1440 947 1501 τεθνᾶσι
958 1436 1126 1524 παγκάκως.
1259 1439 1359 1502 Mun.
1373 1439 1467 1506 1130.

457 1592 564 1675 Quod
580 1591 611 1662 si
627 1591 707 1685 quis
723 1590 924 1686 intelligere
941 1591 1029 1664 velit
1045 1600 1224 1685 quantum
1240 1615 1263 1662 a
1279 1614 1363 1663 vero
1380 1593 1514 1664 affectu

457 1709 558 1780 abest
572 1708 760 1778 verborum
779 1707 917 1778 sonitus
929 1706 1058 1791 inanis,
1069 1731 1153 1779 cum
1166 1707 1295 1779 Graeco
1305 1719 1414 1801 poete
1429 1732 1514 1780 con-

457 1826 594 1896 feratur
611 1821 759 1894 Senecae
775 1822 813 1893 in
833 1823 960 1894 eodem
984 1833 1198 1919 argumento
1217 1825 1349 1896 fabula.
1401 1825 1513 1898 Hunc

458 1938 554 2012 enim
580 1939 626 2011 ad
653 1938 799 2010 modum
824 1938 960 2010 irarum
984 1938 1142 2032 impetus
1165 1949 1203 2011 et
1219 1939 1390 2012 vindictae
1412 1961 1511 2033 spem

458 2057 601 2130 extulit.

545 2204 635 2267 Dum
650 2215 733 2267 terra
746 2200 862 2268 ooelum
877 2199 982 2266 media
995 2199 1146 2268 libratum
1159 2200 1252 2280 feret,

544 2304 738 2392 Nitidusque
752 2321 853 2370 oenoe
867 2303 1008 2370 mundus
1021 2302 1145 2370 evolvet
1159 2302 1254 2384 vines,

545 2407 770 2493 Numer-usque
784 2405 886 2471 arenis
901 2406 1012 2485 deerit,
1027 2419 1060 2471 et
1074 2405 1171 2472 volem
1185 2405 1254 2471 dieo

545 2509 679 2572 Noctem
694 2523 865 2594 sequentur
879 2524 982 2584 astra3
1003 2508 1081 2574 dum
1096 2509 1192 2574 siocaa
1205 2507 1299 2598 polus

545 2609 690 2673 Vemabit
704 2612 842 2690 Arctoo3
865 2610 997 2676 flumina
1010 2612 1043 2676 in
1058 2626 1191 2702 pontum
1205 2612 1338 2686 ordeum

545 2711 719 2798 Nunquam
735 2732 824 2793 meus
838 2711 972 2777 oessabit
986 2713 1019 2778 in
1033 2737 1144 2803 poeuas
1157 2714 1258 2795 furor,

546 2816 737 2901 Crescetque
751 2838 883 2903 semper.
931 2818 1013 2895 Qum
1026 2818 1165 2882 ferarum
1179 2818 1368 2898 immanitas,

546 2917 627 2994 Quae
643 2917 759 3005 Scylla,
774 2940 847 3006 quae
863 2917 1058 3008 Charybdis,
1074 2921 1255 2985 Ausonium
1270 2943 1357 2989 mare

548 3017 753 3107 Siculumque
767 3020 907 3101 sorbens,
923 3043 1061 3109 qumque
1074 3021 1272 3088 anhelantem
1287 3044 1435 3112 prement

547 3122 677 3203 Titana,
693 3122 789 3188 tantis
802 3124 906 3188 AEtna
919 3123 1064 3189 fervescit
1077 3124 1194 3189 minio?

547 3226 622 3290 Non
637 3226 767 3313 rapidus
779 3226 892 3309 amnis,
906 3248 971 3291 non
986 3226 1192 3314 prooellooum
1208 3250 1307 3309 mare,

547 3328 735 3413 Pontusque
749 3330 834 3392 Coro
849 3352 961 3407 saevus,
976 3342 1033 3394 aut
1048 3328 1094 3393 vis
1107 3329 1228 3417 ignium

547 3426 674 3513 Adjuta
687 3428 778 3507 flatu,
792 3429 892 3516 possit
905 3429 1048 3497 inhibere
1060 3430 1215 3519 impetum

548 3528 681 3615 Iraeque
695 3542 835 3595 nostras:
859 3543 996 3597 sternam
1011 3546 1043 3598 et
1055 3548 1193 3599 evertam
1208 3532 1325 3599 omnia.

1276 3638 1379 3702 Mun.
1396 3638 1470 3703 401.

463 3780 630 3854 Proiecto
652 3781 750 3853 aliud
774 3785 920 3857 omnino
943 3798 998 3859 est
1020 3788 1192 3886 argutari,
1211 3801 1250 3862 et
1265 3789 1461 3875 clamitare,
1477 3801 1515 3864 et

462 3896 721 3969 sententiarum
738 3900 896 3991 pondere
912 3925 955 3973 ac
971 3904 1066 3976 fastu
1090 3904 1156 3988 uti,
1173 3905 1272 3978 aliud
1295 3914 1437 3979 nuturae
1459 3928 1517 3977 ar·

462 4038 552 4121 cana
575 4014 815 4110 interpretari.
866 4018 957 4103 Quis
977 4020 1075 4093 enim
1091 4020 1151 4094 hic
1166 4044 1241 4095 non
1256 4022 1399 4095 fumum
1415 4021 1515 4101 videt
