<?xml version="1.0" encoding="UTF-8"?>
<!DOCTYPE html PUBLIC "-//W3C//DTD XHTML 1.0 Transitional//EN"
    "http://www.w3.org/TR/xhtml1/DTD/xhtml1-transitional.dtd">
<html xmlns="http://www.w3.org/1999/xhtml" xml:lang="en" lang="en">
 <head>
  <title>
</title>
<meta http-equiv="Content-Type" content="text/html;charset=utf-8" />
  <meta name='ocr-system' content='tesseract 3.04.00' />
  <meta name='ocr-capabilities' content='ocr_page ocr_carea ocr_par ocr_line ocrx_word'/>
</head>
<body>
  <div class='ocr_page' id='page_1' title='image "./praelectionesac00coplgoog_0132.png"; bbox 0 0 3559 5575; ppageno 0'>
   <div class='ocr_carea' id='block_1_1' title="bbox 508 141 2625 218">
    <p class='ocr_par' dir='ltr' id='par_1_1' title="bbox 508 141 2625 218">
     <span class='ocr_line' id='line_1_1' title="bbox 508 141 2625 218; baseline 0.005 -13"><span class='ocrx_word' id='word_1_1' title='bbox 508 141 734 208; x_wconf 73' lang='lat' dir='ltr'><strong>Pam..</strong></span> <span class='ocrx_word' id='word_1_2' title='bbox 765 141 972 209; x_wconf 68' lang='lat' dir='ltr'><strong>VIII.</strong></span> <span class='ocrx_word' id='word_1_3' title='bbox 1150 142 1280 208; x_wconf 90' lang='lat' dir='ltr'><strong>DE</strong></span> <span class='ocrx_word' id='word_1_4' title='bbox 1328 143 1961 211; x_wconf 85' lang='lat' dir='ltr'><strong>IMITATIONE.</strong></span> <span class='ocrx_word' id='word_1_5' title='bbox 2497 149 2625 218; x_wconf 77' lang='lat'><strong>117</strong></span> 
     </span>
    </p>
   </div>
   <div class='ocr_carea' id='block_1_2' title="bbox 939 312 1830 401">
    <p class='ocr_par' dir='ltr' id='par_1_2' title="bbox 939 312 1830 401">
     <span class='ocr_line' id='line_1_2' title="bbox 939 312 1830 401; baseline 0.001 -24"><span class='ocrx_word' id='word_1_6' title='bbox 939 312 1281 401; x_wconf 82' lang='lat' dir='ltr'><strong>Porrigens</strong></span> <span class='ocrx_word' id='word_1_7' title='bbox 1309 328 1555 380; x_wconf 85' lang='lat' dir='ltr'><strong>teneras</strong></span> <span class='ocrx_word' id='word_1_8' title='bbox 1581 335 1830 395; x_wconf 85' lang='lat' dir='ltr'><strong>manus,</strong></span> 
     </span>
    </p>
   </div>
   <div class='ocr_carea' id='block_1_3' title="bbox 936 414 2558 595">
    <p class='ocr_par' dir='ltr' id='par_1_3' title="bbox 936 414 2558 595">
     <span class='ocr_line' id='line_1_3' title="bbox 936 414 1761 503; baseline 0.002 -24"><span class='ocrx_word' id='word_1_9' title='bbox 936 414 1146 480; x_wconf 86' lang='lat' dir='ltr'>Dulce</span> <span class='ocrx_word' id='word_1_10' title='bbox 1172 415 1376 480; x_wconf 88' lang='lat' dir='ltr'><strong>rideat</strong></span> <span class='ocrx_word' id='word_1_11' title='bbox 1403 415 1488 480; x_wconf 86' lang='lat' dir='ltr'><strong>ad</strong></span> <span class='ocrx_word' id='word_1_12' title='bbox 1516 429 1761 503; x_wconf 90' lang='lat' dir='ltr'><strong>patrem</strong></span> 
     </span>
     <span class='ocr_line' id='line_1_4' title="bbox 938 515 2558 595; baseline 0.002 -15"><span class='ocrx_word' id='word_1_13' title='bbox 938 515 1322 581; x_wconf 85' lang='lat' dir='ltr'><strong>Semihiante</strong></span> <span class='ocrx_word' id='word_1_14' title='bbox 1350 516 1594 583; x_wconf 85' lang='lat' dir='ltr'><strong>labello.</strong></span> <span class='ocrx_word' id='word_1_15' title='bbox 1869 517 2104 581; x_wconf 53' lang='lat' dir='ltr'><strong>canu.</strong></span> <span class='ocrx_word' id='word_1_16' title='bbox 2139 517 2345 584; x_wconf 91' lang='lat' dir='ltr'>LXI.</span> <span class='ocrx_word' id='word_1_17' title='bbox 2375 519 2526 585; x_wconf 75' lang='lat'><strong>216.</strong></span> <span class='ocrx_word' id='word_1_18' title='bbox 2552 587 2558 595; x_wconf 63' lang='grc'>,</span> 
     </span>
    </p>
   </div>
   <div class='ocr_carea' id='block_1_4' title="bbox 499 666 2618 994">
    <p class='ocr_par' dir='ltr' id='par_1_4' title="bbox 499 666 2618 994">
     <span class='ocr_line' id='line_1_5' title="bbox 499 666 2614 768; baseline 0.003 -30"><span class='ocrx_word' id='word_1_19' title='bbox 499 666 608 738; x_wconf 91' lang='lat' dir='ltr'><strong>At</strong></span> <span class='ocrx_word' id='word_1_20' title='bbox 640 690 733 740; x_wconf 91' lang='lat' dir='ltr'><strong>ne</strong></span> <span class='ocrx_word' id='word_1_21' title='bbox 767 667 928 761; x_wconf 89' lang='lat' dir='ltr'><strong>quis</strong></span> <span class='ocrx_word' id='word_1_22' title='bbox 973 668 1050 739; x_wconf 90' lang='lat' dir='ltr'><strong>in</strong></span> <span class='ocrx_word' id='word_1_23' title='bbox 1096 669 1206 740; x_wconf 90' lang='lat' dir='ltr'><strong>rei</strong></span> <span class='ocrx_word' id='word_1_24' title='bbox 1254 669 1476 762; x_wconf 87' lang='lat' dir='ltr'><strong>ipsius</strong></span> <span class='ocrx_word' id='word_1_25' title='bbox 1526 667 2063 761; x_wconf 84' lang='lat' dir='ltr'><strong>pulchritudine</strong></span> <span class='ocrx_word' id='word_1_26' title='bbox 2113 679 2345 741; x_wconf 87' lang='lat' dir='ltr'><strong>totam</strong></span> <span class='ocrx_word' id='word_1_27' title='bbox 2396 673 2614 768; x_wconf 89' lang='lat' dir='ltr'><strong>hujus</strong></span> 
     </span>
     <span class='ocr_line' id='line_1_6' title="bbox 499 783 2617 882; baseline 0.003 -29"><span class='ocrx_word' id='word_1_28' title='bbox 499 783 639 854; x_wconf 89' lang='lat' dir='ltr'><strong>loci</strong></span> <span class='ocrx_word' id='word_1_29' title='bbox 672 783 821 853; x_wconf 90' lang='lat' dir='ltr'><strong>vim</strong></span> <span class='ocrx_word' id='word_1_30' title='bbox 854 793 1100 875; x_wconf 89' lang='lat' dir='ltr'><strong>ponat,</strong></span> <span class='ocrx_word' id='word_1_31' title='bbox 1135 785 1443 855; x_wconf 83' lang='lat' dir='ltr'><strong>alterum</strong></span> <span class='ocrx_word' id='word_1_32' title='bbox 1478 783 1942 876; x_wconf 85' lang='lat' dir='ltr'><strong>inspiciamus</strong></span> <span class='ocrx_word' id='word_1_33' title='bbox 1976 808 2072 855; x_wconf 88' lang='lat' dir='ltr'><strong>ex</strong></span> <span class='ocrx_word' id='word_1_34' title='bbox 2105 786 2340 858; x_wconf 82' lang='lat' dir='ltr'><strong>Statio</strong></span> <span class='ocrx_word' id='word_1_35' title='bbox 2373 811 2617 882; x_wconf 90' lang='lat' dir='ltr'><strong>sump-</strong></span> 
     </span>
     <span class='ocr_line' id='line_1_7' title="bbox 502 898 2618 994; baseline 0.004 -26"><span class='ocrx_word' id='word_1_36' title='bbox 502 909 686 981; x_wconf 89' lang='lat' dir='ltr'><strong>tum,</strong></span> <span class='ocrx_word' id='word_1_37' title='bbox 720 898 848 992; x_wconf 92' lang='lat' dir='ltr'><strong>qui</strong></span> <span class='ocrx_word' id='word_1_38' title='bbox 887 899 1126 970; x_wconf 84' lang='lat' dir='ltr'><strong>studia</strong></span> <span class='ocrx_word' id='word_1_39' title='bbox 1173 910 1248 971; x_wconf 93' lang='lat' dir='ltr'><strong>et</strong></span> <span class='ocrx_word' id='word_1_40' title='bbox 1280 909 1526 994; x_wconf 85' lang='lat' dir='ltr'><strong>gestus</strong></span> <span class='ocrx_word' id='word_1_41' title='bbox 1566 900 1877 993; x_wconf 90' lang='lat' dir='ltr'><strong>pueriles</strong></span> <span class='ocrx_word' id='word_1_42' title='bbox 1923 901 2136 973; x_wconf 85' lang='lat' dir='ltr'><strong>docta</strong></span> <span class='ocrx_word' id='word_1_43' title='bbox 2180 926 2265 975; x_wconf 91' lang='lat' dir='ltr'><strong>ac</strong></span> <span class='ocrx_word' id='word_1_44' title='bbox 2308 904 2618 977; x_wconf 87' lang='lat' dir='ltr'><strong>delicata</strong></span> 
     </span>
    </p>
   </div>
   <div class='ocr_carea' id='block_1_5' title="bbox 505 1014 1137 1106">
    <p class='ocr_par' dir='ltr' id='par_1_5' title="bbox 505 1014 1137 1106">
     <span class='ocr_line' id='line_1_8' title="bbox 505 1014 1137 1106; baseline 0.003 -23"><span class='ocrx_word' id='word_1_45' title='bbox 505 1037 724 1084; x_wconf 89' lang='lat' dir='ltr'><strong>manu</strong></span> <span class='ocrx_word' id='word_1_46' title='bbox 760 1014 1137 1106; x_wconf 85' lang='lat' dir='ltr'><strong>percurrit.</strong></span> 
     </span>
    </p>
   </div>
   <div class='ocr_carea' id='block_1_6' title="bbox 673 1125 2443 1828">
    <p class='ocr_par' dir='ltr' id='par_1_6' title="bbox 673 1125 2389 1521">
     <span class='ocr_line' id='line_1_9' title="bbox 678 1125 2115 1214; baseline 0.003 -26"><span class='ocrx_word' id='word_1_47' title='bbox 678 1127 778 1189; x_wconf 90' lang='lat' dir='ltr'><strong>At</strong></span> <span class='ocrx_word' id='word_1_48' title='bbox 804 1148 972 1213; x_wconf 90' lang='lat' dir='ltr'><strong>puer</strong></span> <span class='ocrx_word' id='word_1_49' title='bbox 997 1125 1062 1189; x_wconf 92' lang='lat' dir='ltr'><strong>in</strong></span> <span class='ocrx_word' id='word_1_50' title='bbox 1089 1125 1334 1214; x_wconf 79' lang='lat' dir='ltr'><strong>gremio</strong></span> <span class='ocrx_word' id='word_1_51' title='bbox 1359 1149 1572 1192; x_wconf 81' lang='lat' dir='ltr'><strong>vernoe</strong></span> <span class='ocrx_word' id='word_1_52' title='bbox 1599 1125 1863 1207; x_wconf 89' lang='lat' dir='ltr'><strong>telluris,</strong></span> <span class='ocrx_word' id='word_1_53' title='bbox 1893 1142 1959 1193; x_wconf 88' lang='lat' dir='ltr'><strong>et</strong></span> <span class='ocrx_word' id='word_1_54' title='bbox 1984 1129 2115 1193; x_wconf 85' lang='lat' dir='ltr'><strong>alto</strong></span> 
     </span>
     <span class='ocr_line' id='line_1_10' title="bbox 679 1229 2389 1316; baseline 0.002 -24"><span class='ocrx_word' id='word_1_55' title='bbox 679 1229 1007 1307; x_wconf 81' lang='lat' dir='ltr'><strong>Gramine,</strong></span> <span class='ocrx_word' id='word_1_56' title='bbox 1037 1251 1211 1293; x_wconf 89' lang='lat' dir='ltr'><strong>nunc</strong></span> <span class='ocrx_word' id='word_1_57' title='bbox 1235 1229 1452 1294; x_wconf 82' lang='lat' dir='ltr'><strong>faciles</strong></span> <span class='ocrx_word' id='word_1_58' title='bbox 1479 1229 1702 1294; x_wconf 84' lang='lat' dir='ltr'><strong>sternit</strong></span> <span class='ocrx_word' id='word_1_59' title='bbox 1728 1230 2136 1316; x_wconf 86' lang='lat' dir='ltr'><strong>procursibus</strong></span> <span class='ocrx_word' id='word_1_60' title='bbox 2163 1230 2389 1297; x_wconf 88' lang='lat' dir='ltr'><strong>herbas</strong></span> 
     </span>
     <span class='ocr_line' id='line_1_11' title="bbox 676 1330 2230 1419; baseline 0.002 -25"><span class='ocrx_word' id='word_1_61' title='bbox 676 1331 757 1395; x_wconf 93' lang='lat' dir='ltr'><strong>In</strong></span> <span class='ocrx_word' id='word_1_62' title='bbox 786 1330 1039 1395; x_wconf 81' lang='lat' dir='ltr'><strong>vultum</strong></span> <span class='ocrx_word' id='word_1_63' title='bbox 1071 1331 1313 1396; x_wconf 88' lang='lat' dir='ltr'><strong>nitens:</strong></span> <span class='ocrx_word' id='word_1_64' title='bbox 1361 1353 1571 1396; x_wconf 87' lang='lat' dir='ltr'><strong>caram</strong></span> <span class='ocrx_word' id='word_1_65' title='bbox 1601 1331 1793 1397; x_wconf 89' lang='lat' dir='ltr'><strong>modo</strong></span> <span class='ocrx_word' id='word_1_66' title='bbox 1822 1331 2001 1397; x_wconf 87' lang='lat' dir='ltr'><strong>lactis</strong></span> <span class='ocrx_word' id='word_1_67' title='bbox 2028 1355 2230 1419; x_wconf 86' lang='lat' dir='ltr'><strong>egeno</strong></span> 
     </span>
     <span class='ocr_line' id='line_1_12' title="bbox 673 1433 2280 1521; baseline 0.001 -24"><span class='ocrx_word' id='word_1_68' title='bbox 673 1433 1003 1499; x_wconf 88' lang='lat' dir='ltr'><strong>Nutricem</strong></span> <span class='ocrx_word' id='word_1_69' title='bbox 1034 1433 1329 1521; x_wconf 82' lang='lat' dir='ltr'><strong>clangore</strong></span> <span class='ocrx_word' id='word_1_70' title='bbox 1356 1433 1546 1512; x_wconf 76' lang='lat' dir='ltr'><strong>cienS,</strong></span> <span class='ocrx_word' id='word_1_71' title='bbox 1578 1433 1938 1521; x_wconf 88' lang='lat' dir='ltr'><strong>iterumque</strong></span> <span class='ocrx_word' id='word_1_72' title='bbox 1967 1434 2280 1515; x_wconf 87' lang='lat' dir='ltr'><strong>renidens,</strong></span> 
     </span>
    </p>

    <p class='ocr_par' dir='ltr' id='par_1_7' title="bbox 673 1535 2443 1828">
     <span class='ocr_line' id='line_1_13' title="bbox 673 1535 2203 1617; baseline 0.002 -17"><span class='ocrx_word' id='word_1_73' title='bbox 673 1537 765 1601; x_wconf 88' lang='lat' dir='ltr'><strong>Et</strong></span> <span class='ocrx_word' id='word_1_74' title='bbox 793 1536 1022 1600; x_wconf 88' lang='lat' dir='ltr'><strong>teneris</strong></span> <span class='ocrx_word' id='word_1_75' title='bbox 1049 1535 1362 1600; x_wconf 82' lang='lat' dir='ltr'><strong>meditans</strong></span> <span class='ocrx_word' id='word_1_76' title='bbox 1391 1537 1584 1600; x_wconf 87' lang='lat' dir='ltr'><strong>verba</strong></span> <span class='ocrx_word' id='word_1_77' title='bbox 1611 1535 1964 1601; x_wconf 87' lang='lat' dir='ltr'><strong>illuctantia</strong></span> <span class='ocrx_word' id='word_1_78' title='bbox 1991 1535 2203 1617; x_wconf 82' lang='lat' dir='ltr'><strong>labris,</strong></span> 
     </span>
     <span class='ocr_line' id='line_1_14' title="bbox 673 1637 2277 1727; baseline 0.002 -25"><span class='ocrx_word' id='word_1_79' title='bbox 673 1639 956 1703; x_wconf 82' lang='lat' dir='ltr'><strong>Miratur</strong></span> <span class='ocrx_word' id='word_1_80' title='bbox 984 1660 1312 1702; x_wconf 88' lang='lat' dir='ltr'><strong>nemorum</strong></span> <span class='ocrx_word' id='word_1_81' title='bbox 1345 1637 1665 1725; x_wconf 86' lang='lat' dir='ltr'><strong>strepitus,</strong></span> <span class='ocrx_word' id='word_1_82' title='bbox 1693 1655 1808 1704; x_wconf 90' lang='lat' dir='ltr'><strong>aut</strong></span> <span class='ocrx_word' id='word_1_83' title='bbox 1837 1638 2027 1703; x_wconf 87' lang='lat' dir='ltr'><strong>obvia</strong></span> <span class='ocrx_word' id='word_1_84' title='bbox 2051 1641 2277 1727; x_wconf 84' lang='lat' dir='ltr'><strong>carpit,</strong></span> 
     </span>
     <span class='ocr_line' id='line_1_15' title="bbox 673 1738 2443 1828; baseline 0.002 -23"><span class='ocrx_word' id='word_1_85' title='bbox 673 1742 815 1805; x_wconf 86' lang='lat' dir='ltr'><strong>Aut</strong></span> <span class='ocrx_word' id='word_1_86' title='bbox 843 1738 1067 1827; x_wconf 86' lang='lat' dir='ltr'><strong>patulo</strong></span> <span class='ocrx_word' id='word_1_87' title='bbox 1093 1739 1288 1804; x_wconf 85' lang='lat' dir='ltr'><strong>trahit</strong></span> <span class='ocrx_word' id='word_1_88' title='bbox 1315 1762 1424 1804; x_wconf 89' lang='lat' dir='ltr'><strong>ore</strong></span> <span class='ocrx_word' id='word_1_89' title='bbox 1453 1739 1658 1804; x_wconf 87' lang='lat' dir='ltr'><strong>diem:</strong></span> <span class='ocrx_word' id='word_1_90' title='bbox 1703 1741 2104 1828; x_wconf 87' lang='lat' dir='ltr'><strong>nemorisque</strong></span> <span class='ocrx_word' id='word_1_91' title='bbox 2132 1743 2443 1809; x_wconf 84' lang='lat' dir='ltr'><strong>malorum</strong></span> 
     </span>
    </p>
   </div>
   <div class='ocr_carea' id='block_1_7' title="bbox 674 1840 2524 2015">
    <p class='ocr_par' dir='ltr' id='par_1_8' title="bbox 674 1840 2524 2015">
     <span class='ocr_line' id='line_1_16' title="bbox 674 1840 2089 1921; baseline -0.001 -13"><span class='ocrx_word' id='word_1_92' title='bbox 674 1843 943 1921; x_wconf 88' lang='lat' dir='ltr'><strong>Inscius,</strong></span> <span class='ocrx_word' id='word_1_93' title='bbox 973 1856 1039 1907; x_wconf 87' lang='lat' dir='ltr'><strong>et</strong></span> <span class='ocrx_word' id='word_1_94' title='bbox 1065 1841 1214 1907; x_wconf 85' lang='lat' dir='ltr'><strong>vitae</strong></span> <span class='ocrx_word' id='word_1_95' title='bbox 1242 1840 1517 1907; x_wconf 88' lang='lat' dir='ltr'><strong>multum</strong></span> <span class='ocrx_word' id='word_1_96' title='bbox 1549 1866 1805 1908; x_wconf 86' lang='lat' dir='ltr'><strong>securus</strong></span> <span class='ocrx_word' id='word_1_97' title='bbox 1833 1843 2089 1908; x_wconf 85' lang='lat' dir='ltr'><strong>inerrat.</strong></span> 
     </span>
     <span class='ocr_line' id='line_1_17' title="bbox 1962 1945 2524 2015; baseline 0.009 -8"><span class='ocrx_word' id='word_1_98' title='bbox 1962 1945 2193 2008; x_wconf 72' lang='lat' dir='ltr'><strong>Trmn.</strong></span> <span class='ocrx_word' id='word_1_99' title='bbox 2221 1945 2340 2009; x_wconf 89' lang='lat' dir='ltr'><strong>1v.</strong></span> <span class='ocrx_word' id='word_1_100' title='bbox 2373 1947 2524 2015; x_wconf 85' lang='lat'><strong>786.</strong></span> 
     </span>
    </p>
   </div>
   <div class='ocr_carea' id='block_1_8' title="bbox 496 2054 2618 4187">
    <p class='ocr_par' dir='ltr' id='par_1_9' title="bbox 497 2054 2618 3417">
     <span class='ocr_line' id='line_1_18' title="bbox 504 2054 2614 2152; baseline 0.003 -27"><span class='ocrx_word' id='word_1_101' title='bbox 504 2054 712 2126; x_wconf 91' lang='lat' dir='ltr'><strong>Nihil</strong></span> <span class='ocrx_word' id='word_1_102' title='bbox 762 2056 879 2128; x_wconf 90' lang='lat' dir='ltr'><strong>hic</strong></span> <span class='ocrx_word' id='word_1_103' title='bbox 927 2059 1140 2152; x_wconf 88' lang='lat' dir='ltr'><strong>longe</strong></span> <span class='ocrx_word' id='word_1_104' title='bbox 1192 2057 1603 2150; x_wconf 78' lang='lat' dir='ltr'><strong>quaesitum,</strong></span> <span class='ocrx_word' id='word_1_105' title='bbox 1637 2056 1823 2127; x_wconf 91' lang='lat' dir='ltr'><strong>nihil</strong></span> <span class='ocrx_word' id='word_1_106' title='bbox 1863 2080 2010 2126; x_wconf 87' lang='lat' dir='ltr'><strong>non</strong></span> <span class='ocrx_word' id='word_1_107' title='bbox 2058 2066 2388 2148; x_wconf 90' lang='lat' dir='ltr'><strong>apertum</strong></span> <span class='ocrx_word' id='word_1_108' title='bbox 2430 2059 2614 2132; x_wconf 87' lang='lat' dir='ltr'><strong>etin</strong></span> 
     </span>
     <span class='ocr_line' id='line_1_19' title="bbox 504 2169 2618 2264; baseline 0.003 -24"><span class='ocrx_word' id='word_1_109' title='bbox 504 2171 742 2243; x_wconf 89' lang='lat' dir='ltr'><strong>medio</strong></span> <span class='ocrx_word' id='word_1_110' title='bbox 790 2172 1148 2264; x_wconf 87' lang='lat' dir='ltr'><strong>positum:</strong></span> <span class='ocrx_word' id='word_1_111' title='bbox 1203 2181 1278 2241; x_wconf 92' lang='lat' dir='ltr'><strong>et</strong></span> <span class='ocrx_word' id='word_1_112' title='bbox 1311 2181 1556 2241; x_wconf 87' lang='lat' dir='ltr'><strong>tamen</strong></span> <span class='ocrx_word' id='word_1_113' title='bbox 1589 2169 1666 2239; x_wconf 92' lang='lat' dir='ltr'><strong>in</strong></span> <span class='ocrx_word' id='word_1_114' title='bbox 1701 2193 1780 2240; x_wconf 91' lang='lat' dir='ltr'><strong>re</strong></span> <span class='ocrx_word' id='word_1_115' title='bbox 1812 2170 1969 2262; x_wconf 87' lang='lat' dir='ltr'><strong>ipsa</strong></span> <span class='ocrx_word' id='word_1_116' title='bbox 2002 2194 2144 2240; x_wconf 92' lang='lat' dir='ltr'><strong>non</strong></span> <span class='ocrx_word' id='word_1_117' title='bbox 2181 2180 2469 2244; x_wconf 90' lang='lat' dir='ltr'><strong>tantum</strong></span> <span class='ocrx_word' id='word_1_118' title='bbox 2506 2175 2618 2246; x_wconf 89' lang='lat' dir='ltr'><strong>in-</strong></span> 
     </span>
     <span class='ocr_line' id='line_1_20' title="bbox 503 2285 2615 2384; baseline 0.003 -27"><span class='ocrx_word' id='word_1_119' title='bbox 503 2297 615 2357; x_wconf 90' lang='lat' dir='ltr'><strong>est</strong></span> <span class='ocrx_word' id='word_1_120' title='bbox 649 2287 883 2374; x_wconf 91' lang='lat' dir='ltr'><strong>decor,</strong></span> <span class='ocrx_word' id='word_1_121' title='bbox 917 2297 1273 2381; x_wconf 89' lang='lat' dir='ltr'><strong>quantum</strong></span> <span class='ocrx_word' id='word_1_122' title='bbox 1307 2309 1402 2356; x_wconf 80' lang='lat' dir='ltr'><strong>ex</strong></span> <span class='ocrx_word' id='word_1_123' title='bbox 1448 2285 1852 2357; x_wconf 89' lang='lat' dir='ltr'><strong>imitatione</strong></span> <span class='ocrx_word' id='word_1_124' title='bbox 1899 2285 2128 2357; x_wconf 91' lang='lat' dir='ltr'><strong>oritur</strong></span> <span class='ocrx_word' id='word_1_125' title='bbox 2172 2309 2454 2360; x_wconf 90' lang='lat' dir='ltr'><strong>summo</strong></span> <span class='ocrx_word' id='word_1_126' title='bbox 2491 2292 2615 2384; x_wconf 87' lang='lat' dir='ltr'><strong>ju-</strong></span> 
     </span>
     <span class='ocr_line' id='line_1_21' title="bbox 500 2401 2612 2498; baseline 0.004 -27"><span class='ocrx_word' id='word_1_127' title='bbox 500 2401 687 2473; x_wconf 85' lang='lat' dir='ltr'><strong>dicio</strong></span> <span class='ocrx_word' id='word_1_128' title='bbox 737 2403 993 2474; x_wconf 88' lang='lat' dir='ltr'><strong>efficta.</strong></span> <span class='ocrx_word' id='word_1_129' title='bbox 1095 2401 1393 2472; x_wconf 86' lang='lat' dir='ltr'><strong>Etenim</strong></span> <span class='ocrx_word' id='word_1_130' title='bbox 1442 2424 1584 2471; x_wconf 91' lang='lat' dir='ltr'><strong>non</strong></span> <span class='ocrx_word' id='word_1_131' title='bbox 1633 2401 1858 2472; x_wconf 83' lang='lat' dir='ltr'><strong>cuivis</strong></span> <span class='ocrx_word' id='word_1_132' title='bbox 1904 2401 2213 2498; x_wconf 83' lang='lat' dir='ltr'><strong>contigit</strong></span> <span class='ocrx_word' id='word_1_133' title='bbox 2246 2427 2410 2498; x_wconf 84' lang='lat' dir='ltr'><strong>quae</strong></span> <span class='ocrx_word' id='word_1_134' title='bbox 2442 2418 2612 2480; x_wconf 91' lang='lat' dir='ltr'><strong>sunt</strong></span> 
     </span>
     <span class='ocr_line' id='line_1_22' title="bbox 498 2516 2613 2614; baseline 0.004 -29"><span class='ocrx_word' id='word_1_135' title='bbox 498 2516 572 2586; x_wconf 90' lang='lat' dir='ltr'><strong>in</strong></span> <span class='ocrx_word' id='word_1_136' title='bbox 623 2520 1003 2610; x_wconf 88' lang='lat' dir='ltr'><strong>propatulo</strong></span> <span class='ocrx_word' id='word_1_137' title='bbox 1043 2524 1384 2599; x_wconf 76' lang='lat' dir='ltr'><strong>&#39;cernere3</strong></span> <span class='ocrx_word' id='word_1_138' title='bbox 1434 2516 1852 2610; x_wconf 89' lang='lat' dir='ltr'><strong>pauciorum</strong></span> <span class='ocrx_word' id='word_1_139' title='bbox 1907 2518 2140 2589; x_wconf 92' lang='lat' dir='ltr'><strong>adhuc</strong></span> <span class='ocrx_word' id='word_1_140' title='bbox 2191 2529 2325 2602; x_wconf 90' lang='lat' dir='ltr'><strong>est,</strong></span> <span class='ocrx_word' id='word_1_141' title='bbox 2372 2523 2613 2614; x_wconf 90' lang='lat' dir='ltr'><strong>turpia</strong></span> 
     </span>
     <span class='ocr_line' id='line_1_23' title="bbox 498 2633 2611 2727; baseline 0.002 -24"><span class='ocrx_word' id='word_1_142' title='bbox 498 2633 588 2703; x_wconf 92' lang='lat' dir='ltr'><strong>ab</strong></span> <span class='ocrx_word' id='word_1_143' title='bbox 644 2633 962 2706; x_wconf 86' lang='lat' dir='ltr'><strong>honestis</strong></span> <span class='ocrx_word' id='word_1_144' title='bbox 1017 2657 1405 2717; x_wconf 90' lang='lat' dir='ltr'><strong>secernere,</strong></span> <span class='ocrx_word' id='word_1_145' title='bbox 1466 2633 1710 2704; x_wconf 84' lang='lat' dir='ltr'><strong>videre</strong></span> <span class='ocrx_word' id='word_1_146' title='bbox 1764 2633 1941 2727; x_wconf 92' lang='lat' dir='ltr'><strong>quid</strong></span> <span class='ocrx_word' id='word_1_147' title='bbox 1999 2635 2251 2705; x_wconf 87' lang='lat' dir='ltr'><strong>deceat</strong></span> <span class='ocrx_word' id='word_1_148' title='bbox 2310 2636 2611 2724; x_wconf 86' lang='lat' dir='ltr'><strong>dictum,</strong></span> 
     </span>
     <span class='ocr_line' id='line_1_24' title="bbox 497 2747 2611 2844; baseline 0.001 -24"><span class='ocrx_word' id='word_1_149' title='bbox 497 2747 672 2842; x_wconf 92' lang='lat' dir='ltr'><strong>quid</strong></span> <span class='ocrx_word' id='word_1_150' title='bbox 705 2750 1070 2842; x_wconf 82' lang='lat' dir='ltr'><strong>praeterire</strong></span> <span class='ocrx_word' id='word_1_151' title='bbox 1103 2749 1198 2822; x_wconf 88' lang='lat' dir='ltr'><strong>sit</strong></span> <span class='ocrx_word' id='word_1_152' title='bbox 1224 2749 1469 2821; x_wconf 86' lang='lat' dir='ltr'><strong>satius.</strong></span> <span class='ocrx_word' id='word_1_153' title='bbox 1573 2749 1816 2820; x_wconf 91' lang='lat' dir='ltr'><strong>Multa</strong></span> <span class='ocrx_word' id='word_1_154' title='bbox 1849 2748 2214 2822; x_wconf 89' lang='lat' dir='ltr'><strong>enimvero</strong></span> <span class='ocrx_word' id='word_1_155' title='bbox 2250 2760 2419 2821; x_wconf 89' lang='lat' dir='ltr'><strong>sunt</strong></span> <span class='ocrx_word' id='word_1_156' title='bbox 2444 2772 2611 2844; x_wconf 86' lang='lat' dir='ltr'><strong>quae</strong></span> 
     </span>
     <span class='ocr_line' id='line_1_25' title="bbox 497 2846 2607 2959; baseline 0 -25"><span class='ocrx_word' id='word_1_157' title='bbox 497 2846 1115 2958; x_wconf 57' lang='lat' dir='ltr'><strong>naturae’optime,</strong></span> <span class='ocrx_word' id='word_1_158' title='bbox 1150 2887 1606 2959; x_wconf 88' lang='lat' dir='ltr'><strong>nequaquam</strong></span> <span class='ocrx_word' id='word_1_159' title='bbox 1650 2874 1897 2935; x_wconf 88' lang='lat' dir='ltr'><strong>autem</strong></span> <span class='ocrx_word' id='word_1_160' title='bbox 1943 2864 2085 2935; x_wconf 87' lang='lat' dir='ltr'><strong>arti</strong></span> <span class='ocrx_word' id='word_1_161' title='bbox 2124 2865 2607 2935; x_wconf 88' lang='lat' dir='ltr'><strong>conveniunt:</strong></span> 
     </span>
     <span class='ocr_line' id='line_1_26' title="bbox 501 2976 2613 3070; baseline 0.001 -24"><span class='ocrx_word' id='word_1_162' title='bbox 501 2999 664 3070; x_wconf 85' lang='lat' dir='ltr'><strong>quae</strong></span> <span class='ocrx_word' id='word_1_163' title='bbox 696 2979 992 3070; x_wconf 88' lang='lat' dir='ltr'><strong>proinde</strong></span> <span class='ocrx_word' id='word_1_164' title='bbox 1025 2980 1296 3070; x_wconf 89' lang='lat' dir='ltr'><strong>peritus</strong></span> <span class='ocrx_word' id='word_1_165' title='bbox 1330 2979 1597 3050; x_wconf 80' lang='lat' dir='ltr'><strong>artifex</strong></span> <span class='ocrx_word' id='word_1_166' title='bbox 1631 2978 1925 3049; x_wconf 90' lang='lat' dir='ltr'><strong>omnino</strong></span> <span class='ocrx_word' id='word_1_167' title='bbox 1972 2976 2376 3069; x_wconf 86' lang='lat' dir='ltr'><strong>respuenda</strong></span> <span class='ocrx_word' id='word_1_168' title='bbox 2413 2976 2613 3070; x_wconf 88' lang='lat' dir='ltr'><strong>judi·</strong></span> 
     </span>
     <span class='ocr_line' id='line_1_27' title="bbox 499 3093 2608 3189; baseline -0.002 -25"><span class='ocrx_word' id='word_1_169' title='bbox 499 3094 714 3164; x_wconf 90' lang='lat' dir='ltr'><strong>cabit.</strong></span> <span class='ocrx_word' id='word_1_170' title='bbox 799 3094 1056 3189; x_wconf 91' lang='lat' dir='ltr'><strong>Neque</strong></span> <span class='ocrx_word' id='word_1_171' title='bbox 1090 3118 1260 3167; x_wconf 88' lang='lat' dir='ltr'><strong>sane</strong></span> <span class='ocrx_word' id='word_1_172' title='bbox 1294 3119 1379 3166; x_wconf 92' lang='lat' dir='ltr'><strong>eo</strong></span> <span class='ocrx_word' id='word_1_173' title='bbox 1415 3093 1706 3164; x_wconf 91' lang='lat' dir='ltr'><strong>nomine</strong></span> <span class='ocrx_word' id='word_1_174' title='bbox 1743 3093 2149 3163; x_wconf 88' lang='lat' dir='ltr'><strong>Homerum</strong></span> <span class='ocrx_word' id='word_1_175' title='bbox 2184 3100 2608 3163; x_wconf 86' lang='lat' dir='ltr'><strong>excusatum</strong></span> 
     </span>
     <span class='ocr_line' id='line_1_28' title="bbox 500 3205 2608 3301; baseline 0.001 -25"><span class='ocrx_word' id='word_1_176' title='bbox 500 3208 715 3278; x_wconf 83' lang='lat' dir='ltr'><strong>velim</strong></span> <span class='ocrx_word' id='word_1_177' title='bbox 762 3209 954 3301; x_wconf 91' lang='lat' dir='ltr'><strong>quod</strong></span> <span class='ocrx_word' id='word_1_178' title='bbox 993 3233 1162 3280; x_wconf 90' lang='lat' dir='ltr'><strong>vera</strong></span> <span class='ocrx_word' id='word_1_179' title='bbox 1205 3208 1350 3280; x_wconf 89' lang='lat' dir='ltr'><strong>sint</strong></span> <span class='ocrx_word' id='word_1_180' title='bbox 1384 3218 1458 3279; x_wconf 90' lang='lat' dir='ltr'><strong>et</strong></span> <span class='ocrx_word' id='word_1_181' title='bbox 1491 3217 1775 3278; x_wconf 85' lang='lat' dir='ltr'><strong>naturae</strong></span> <span class='ocrx_word' id='word_1_182' title='bbox 1821 3229 2159 3301; x_wconf 88' lang='lat' dir='ltr'><strong>congrua,</strong></span> <span class='ocrx_word' id='word_1_183' title='bbox 2195 3229 2360 3300; x_wconf 87' lang='lat' dir='ltr'><strong>quae</strong></span> <span class='ocrx_word' id='word_1_184' title='bbox 2395 3205 2608 3278; x_wconf 87' lang='lat' dir='ltr'><strong>Phoe-</strong></span> 
     </span>
     <span class='ocr_line' id='line_1_29' title="bbox 497 3321 1854 3417; baseline 0.001 -26"><span class='ocrx_word' id='word_1_185' title='bbox 497 3321 732 3394; x_wconf 88' lang='lat' dir='ltr'><strong>nicem</strong></span> <span class='ocrx_word' id='word_1_186' title='bbox 765 3323 940 3395; x_wconf 81' lang='lat' dir='ltr'><strong>facit</strong></span> <span class='ocrx_word' id='word_1_187' title='bbox 973 3326 1384 3417; x_wconf 86' lang='lat' dir='ltr'><strong>loquentem</strong></span> <span class='ocrx_word' id='word_1_188' title='bbox 1420 3325 1513 3393; x_wconf 93' lang='lat' dir='ltr'><strong>de</strong></span> <span class='ocrx_word' id='word_1_189' title='bbox 1546 3321 1854 3395; x_wconf 86' lang='lat' dir='ltr'><strong>Achille.</strong></span> 
     </span>
    </p>

    <p class='ocr_par' dir='ltr' id='par_1_10' title="bbox 754 3441 2214 3527">
     <span class='ocr_line' id='line_1_30' title="bbox 754 3441 2214 3527; baseline 0.001 -22"><span class='ocrx_word' id='word_1_190' title='bbox 754 3444 1031 3506; x_wconf 78' lang='grc' dir='ltr'>Πολλᾶκι</span> <span class='ocrx_word' id='word_1_191' title='bbox 1059 3444 1156 3525; x_wconf 71' lang='grc' dir='ltr'><strong>μοὶ</strong></span> <span class='ocrx_word' id='word_1_192' title='bbox 1186 3441 1524 3516; x_wconf 75' lang='grc' dir='ltr'><strong>κατέδευσας</strong></span> <span class='ocrx_word' id='word_1_193' title='bbox 1556 3443 1641 3505; x_wconf 69' lang='grc' dir='ltr'><strong>ἐπὶ</strong></span> <span class='ocrx_word' id='word_1_194' title='bbox 1673 3443 1937 3521; x_wconf 74' lang='grc' dir='ltr'><strong>στήθεσσι</strong></span> <span class='ocrx_word' id='word_1_195' title='bbox 1965 3449 2214 3527; x_wconf 74' lang='grc' dir='ltr'><strong><em>χιτῶνα,</em></strong></span> 
     </span>
    </p>

    <p class='ocr_par' dir='ltr' id='par_1_11' title="bbox 752 3542 2513 3631">
     <span class='ocr_line' id='line_1_31' title="bbox 752 3542 2513 3631; baseline 0.001 -23"><span class='ocrx_word' id='word_1_196' title='bbox 752 3543 924 3609; x_wconf 76' lang='grc' dir='ltr'>Οἵνου</span> <span class='ocrx_word' id='word_1_197' title='bbox 951 3545 1283 3625; x_wconf 76' lang='grc' dir='ltr'><strong>ἀποβλύζων</strong></span> <span class='ocrx_word' id='word_1_198' title='bbox 1313 3546 1366 3607; x_wconf 74' lang='grc' dir='ltr'><strong>ἐν</strong></span> <span class='ocrx_word' id='word_1_199' title='bbox 1400 3542 1579 3631; x_wconf 71' lang='grc' dir='ltr'><strong><em>νηπιέῃ</em></strong></span> <span class='ocrx_word' id='word_1_200' title='bbox 1610 3548 1895 3630; x_wconf 74' lang='grc' dir='ltr'><strong>ἀλεγεινῇ.</strong></span> <span class='ocrx_word' id='word_1_201' title='bbox 2146 3546 2247 3609; x_wconf 84' lang='lat' dir='ltr'><strong>IL.</strong></span> <span class='ocrx_word' id='word_1_202' title='bbox 2280 3551 2327 3609; x_wconf 91' lang='lat'><strong>1.</strong></span> <span class='ocrx_word' id='word_1_203' title='bbox 2361 3548 2513 3615; x_wconf 81' lang='lat'><strong>490.</strong></span> 
     </span>
    </p>

    <p class='ocr_par' dir='ltr' id='par_1_12' title="bbox 496 3654 2604 4187">
     <span class='ocr_line' id='line_1_32' title="bbox 598 3654 2604 3750; baseline -0.001 -22"><span class='ocrx_word' id='word_1_204' title='bbox 598 3656 932 3728; x_wconf 81' lang='lat' dir='ltr'><strong>Profecto</strong></span> <span class='ocrx_word' id='word_1_205' title='bbox 966 3657 1161 3750; x_wconf 92' lang='lat' dir='ltr'><strong>quod</strong></span> <span class='ocrx_word' id='word_1_206' title='bbox 1190 3656 1265 3726; x_wconf 91' lang='lat' dir='ltr'><strong>in</strong></span> <span class='ocrx_word' id='word_1_207' title='bbox 1295 3656 1811 3727; x_wconf 88' lang='lat' dir='ltr'><strong>consuetudine</strong></span> <span class='ocrx_word' id='word_1_208' title='bbox 1840 3655 2012 3727; x_wconf 84' lang='lat' dir='ltr'><strong>vitae</strong></span> <span class='ocrx_word' id='word_1_209' title='bbox 2039 3656 2275 3727; x_wconf 88' lang='lat' dir='ltr'><strong>caveri</strong></span> <span class='ocrx_word' id='word_1_210' title='bbox 2300 3658 2501 3739; x_wconf 88' lang='lat' dir='ltr'><strong>solet,</strong></span> <span class='ocrx_word' id='word_1_211' title='bbox 2525 3654 2604 3726; x_wconf 87' lang='lat' dir='ltr'><strong>id</strong></span> 
     </span>
     <span class='ocr_line' id='line_1_33' title="bbox 497 3771 2602 3867; baseline 0 -28"><span class='ocrx_word' id='word_1_212' title='bbox 497 3772 614 3841; x_wconf 90' lang='lat' dir='ltr'><strong>vel</strong></span> <span class='ocrx_word' id='word_1_213' title='bbox 657 3772 886 3867; x_wconf 86' lang='lat' dir='ltr'><strong>magis</strong></span> <span class='ocrx_word' id='word_1_214' title='bbox 931 3772 1007 3842; x_wconf 91' lang='lat' dir='ltr'><strong>in</strong></span> <span class='ocrx_word' id='word_1_215' title='bbox 1052 3772 1248 3844; x_wconf 91' lang='lat' dir='ltr'><strong>hisce</strong></span> <span class='ocrx_word' id='word_1_216' title='bbox 1295 3772 1562 3843; x_wconf 90' lang='lat' dir='ltr'><strong>artibus</strong></span> <span class='ocrx_word' id='word_1_217' title='bbox 1596 3796 1636 3841; x_wconf 94' lang='lat' dir='ltr'><strong>e</strong></span> <span class='ocrx_word' id='word_1_218' title='bbox 1670 3795 1748 3843; x_wconf 90' lang='lat' dir='ltr'><strong>re</strong></span> <span class='ocrx_word' id='word_1_219' title='bbox 1782 3772 1933 3843; x_wconf 86' lang='lat' dir='ltr'><strong>fore</strong></span> <span class='ocrx_word' id='word_1_220' title='bbox 1968 3773 2201 3854; x_wconf 89' lang='lat' dir='ltr'><strong>credo,</strong></span> <span class='ocrx_word' id='word_1_221' title='bbox 2235 3771 2602 3854; x_wconf 87' lang='lat' dir='ltr'><strong>nimirum,</strong></span> 
     </span>
     <span class='ocr_line' id='line_1_34' title="bbox 496 3883 2602 3984; baseline 0 -28"><span class='ocrx_word' id='word_1_222' title='bbox 496 3885 882 3964; x_wconf 75' lang='lat' dir='ltr'><strong>veritatem</strong></span> <span class='ocrx_word' id='word_1_223' title='bbox 905 3909 997 3958; x_wconf 83' lang='lat' dir='ltr'><strong>ne</strong></span> <span class='ocrx_word' id='word_1_224' title='bbox 1015 3908 1309 3983; x_wconf 76' lang='lat' dir='ltr'><strong>semper</strong></span> <span class='ocrx_word' id='word_1_225' title='bbox 1328 3884 1406 3957; x_wconf 79' lang='lat' dir='ltr'><strong>in</strong></span> <span class='ocrx_word' id='word_1_226' title='bbox 1426 3883 1660 3958; x_wconf 81' lang='lat' dir='ltr'><strong>lucem</strong></span> <span class='ocrx_word' id='word_1_227' title='bbox 1673 3886 2185 3984; x_wconf 59' lang='lat' dir='ltr'><strong>proteramus,</strong></span> <span class='ocrx_word' id='word_1_228' title='bbox 2228 3886 2602 3967; x_wconf 85' lang='lat' dir='ltr'><strong>Quatenus</strong></span> 
     </span>
     <span class='ocr_line' id='line_1_35' title="bbox 499 4002 2604 4098; baseline -0.001 -25"><span class='ocrx_word' id='word_1_229' title='bbox 499 4013 742 4075; x_wconf 87' lang='lat' dir='ltr'><strong>autem</strong></span> <span class='ocrx_word' id='word_1_230' title='bbox 765 4003 835 4075; x_wconf 93' lang='lat' dir='ltr'><strong>ei</strong></span> <span class='ocrx_word' id='word_1_231' title='bbox 856 4003 1063 4076; x_wconf 91' lang='lat' dir='ltr'><strong>decet</strong></span> <span class='ocrx_word' id='word_1_232' title='bbox 1085 4004 1398 4098; x_wconf 88' lang='lat' dir='ltr'><strong>obsequi,</strong></span> <span class='ocrx_word' id='word_1_233' title='bbox 1418 4028 1562 4076; x_wconf 91' lang='lat' dir='ltr'><strong>non</strong></span> <span class='ocrx_word' id='word_1_234' title='bbox 1588 4015 1738 4075; x_wconf 90' lang='lat' dir='ltr'><strong>tam</strong></span> <span class='ocrx_word' id='word_1_235' title='bbox 1767 4002 1843 4074; x_wconf 92' lang='lat' dir='ltr'><strong>id</strong></span> <span class='ocrx_word' id='word_1_236' title='bbox 1869 4002 2267 4076; x_wconf 89' lang='lat' dir='ltr'><strong>docendum</strong></span> <span class='ocrx_word' id='word_1_237' title='bbox 2291 4009 2401 4070; x_wconf 89' lang='lat' dir='ltr'><strong>est</strong></span> <span class='ocrx_word' id='word_1_238' title='bbox 2420 4023 2604 4091; x_wconf 85' lang='lat' dir='ltr'><strong>prae-</strong></span> 
     </span>
     <span class='ocr_line' id='line_1_36' title="bbox 1502 4124 1614 4187; baseline 0 0"><span class='ocrx_word' id='word_1_239' title='bbox 1502 4137 1532 4187; x_wconf 92' lang='lat'>1</span> <span class='ocrx_word' id='word_1_240' title='bbox 1569 4124 1614 4187; x_wconf 82' lang='lat'><strong>3</strong></span> 
     </span>
    </p>
   </div>
   <div class='ocr_carea' id='block_1_9' title="bbox 83 4950 2413 5483">
    <p class='ocr_par' dir='ltr' id='par_1_13' title="bbox 83 4950 2413 5483">
     <span class='ocr_line' id='line_1_37' title="bbox 83 4950 2413 5483; baseline 0.002 -4"><span class='ocrx_word' id='word_1_241' title='bbox 83 4950 2413 5483; x_wconf 54' lang='lat' dir='ltr'><strong>-q</strong></span> 
     </span>
    </p>
   </div>
   <div class='ocr_carea' id='block_1_10' title="bbox 3318 0 3374 3214">
    <p class='ocr_par' dir='ltr' id='par_1_14' title="bbox 3318 0 3374 3214">
     <span class='ocr_line' id='line_1_38' title="bbox 3318 0 3374 3214; baseline 0 0"><span class='ocrx_word' id='word_1_242' title='bbox 3318 0 3374 3214; x_wconf 95' lang='lat' dir='ltr'><strong> </strong></span> 
     </span>
    </p>
   </div>
   <div class='ocr_carea' id='block_1_11' title="bbox 2413 4950 2414 5484">
    <p class='ocr_par' dir='ltr' id='par_1_15' title="bbox 2413 4950 2414 5484">
     <span class='ocr_line' id='line_1_39' title="bbox 2413 4950 2414 5484; baseline 0 91"><span class='ocrx_word' id='word_1_243' title='bbox 2413 4950 2414 5484; x_wconf 95' lang='lat' dir='ltr'><strong> </strong></span> 
     </span>
    </p>
   </div>
  </div>
 </body>
</html>
