3559 5575
510 577 558 642 32
882 573 1005 638 PARS
1026 571 1189 638 PRIMA
1362 570 1478 636 Pur..
1493 572 1575 636 111.

514 749 613 821 Tum
630 747 848 820 Ovidianum
873 747 964 819 illud
987 745 1164 832 adfertur,
1185 743 1290 837 quasi
1314 767 1484 818 ranarum
1508 769 1575 816 vo-

509 889 593 938 cem
610 864 803 956 exprimat,

557 1018 709 1099 Quamvis
722 1018 785 1083 sint
798 1017 856 1082 aa
870 1038 966 1105 aquo,
981 1016 1040 1080 rard
1054 1035 1141 1102 aquo
1153 1011 1340 1077 maledicere
1355 1025 1492 1078 tentant.

1303 1117 1401 1180 Mer.
1417 1116 1478 1181 VI.
1493 1117 1571 1185 376.

514 1229 594 1301 Aut
613 1226 762 1299 Homeri
779 1248 936 1310 carmen,
1659 1260 1661 1353 p

634 1407 747 1494 Τριχθίι
761 1433 792 1470 τε
808 1406 856 1469 καὶ
871 1404 1016 1492 τετραχθὰ
1031 1400 1212 1501 διὶσχισινῖς
1226 1399 1348 1484 ἀνέμοιο.

1381 1504 1449 1568 On.
1466 1503 1497 1567 Ῑ.
1513 1505 1567 1570 ll.

563 1675 657 1748 Nolo
673 1677 776 1769 plura
792 1673 998 1771 hujusmodi
1014 1673 1181 1765 exempla
1199 1681 1375 1756 attexere,
1391 1672 1477 1766 quia
1501 1671 1566 1742 fri-

511 1793 633 1862 rolum
663 1795 730 1864 hoc
757 1792 925 1864 imitandi
959 1813 1074 1886 genus
1102 1789 1198 1860 inter
1225 1787 1440 1860 criticorum
1469 1811 1567 1858 eom-

512 1916 635 1978 menta
659 1907 735 1978 fere
760 1916 878 1978 totum
904 1905 1109 1977 habendum
1131 1927 1208 1975 esse
1233 1925 1373 1989 censeo,
1392 1913 1519 1996 utpote
1544 1927 1568 1974 a

512 2042 598 2091 vera
623 2045 666 2092 ac
691 2045 862 2117 generosa
892 2021 995 2094 Artis
1021 2021 1160 2093 ratione
1191 2020 1335 2113 penitus
1362 2019 1565 2090 abhorrens.

511 2135 596 2218 Quo
613 2137 722 2209 etiam
746 2139 809 2209 vix
836 2138 925 2210 mihi
949 2138 1163 2232 persuadere
1188 2159 1344 2230 possum,
1360 2145 1403 2206 ut
1421 2135 1564 2208 medam

511 2251 703 2325 Platonem
719 2277 796 2325 rem
815 2255 945 2326 seriam
958 2277 1076 2349 agere,
1088 2252 1152 2323 ubi
1166 2252 1262 2324 inter
1275 2251 1400 2322 Poetae
1416 2273 1566 2321 munera

513 2379 685 2454 recenset,
696 2371 793 2465 quod
809 2395 880 2441 non
899 2370 1005 2442 modo
1016 2369 1209 2466 grandiora
1225 2379 1366 2440 naturae
1383 2367 1565 2451 miracula,

513 2484 713 2576 tonitruum
730 2486 920 2582 fragorem,
937 2496 1127 2558 ventorum
1153 2494 1262 2578 atque
1286 2483 1408 2556 oceani
1432 2485 1565 2556 tumul-

511 2611 583 2686 tus,
601 2625 725 2676 verum
743 2612 781 2676 et
797 2604 934 2687 axium,
951 2612 1123 2685 rotarum,
1141 2599 1310 2672 tibiarum
1331 2600 1565 2694 reliquorum-

512 2740 583 2811 que
609 2719 932 2793 instrumentorum
947 2716 1143 2810 ‚strepitus
1165 2716 1275 2788 etiam
1300 2738 1430 2788 canum
1460 2740 1565 2810 pecu-

513 2832 671 2927 dumque
688 2860 791 2907 voces
808 2836 943 2907 imitari
960 2834 1082 2927 possit.
1125 2835 1225 2917 Quas
1241 2832 1445 2926 quicunque
1465 2832 1564 2925 inep-

514 2948 582 3021 tias
616 2961 850 3042 aucupentur,
880 2974 940 3021 eos
971 2950 1131 3042 profecto
1157 2973 1263 3022 nemo
1293 2972 1400 3019 sanus
1426 2959 1493 3034 est,
1522 2960 1562 3021 ut

513 3065 650 3158 opinor,
667 3064 729 3159 qui
746 3090 792 3137 ex
811 3065 924 3136 divini
941 3066 1008 3135 viri
1028 3065 1210 3158 republica
1225 3088 1335 3158 quam
1359 3064 1564 3159 longissime

513 3183 660 3252 exulare
685 3205 781 3278 aegre
804 3183 924 3254 ferret.
976 3182 1143 3253 Profecto
1160 3181 1206 3266 ei,
1223 3180 1286 3276 qui
1310 3180 1357 3251 ad
1381 3182 1446 3251 has
1469 3192 1564 3253 artes

513 3294 732 3392 confugeret,
749 3307 881 3369 caetera
897 3298 1091 3368 admodum
1105 3297 1226 3368 deesse
1243 3298 1447 3368 crederem:
1474 3306 1517 3367 ut
1532 3297 1565 3368 si

512 3411 592 3504 quis
617 3411 653 3483 in
678 3414 854 3485 narrando
870 3437 947 3485 rem
965 3436 1108 3483 omnem
1129 3423 1234 3508 gestu
1251 3422 1360 3505 atque
1377 3436 1438 3483 ore
1454 3436 1565 3505 expo-

400 3614 402 3621 γ
511 3551 597 3600 nere
623 3539 823 3614 conaretur,
850 3553 917 3600 nee
945 3528 1140 3621 quidquam
1170 3526 1345 3619 proferret
1371 3525 1439 3597 nisi
1466 3528 1564 3619 quod

510 3642 608 3716 flexu
634 3646 800 3738 corporis,
817 3656 881 3717 aut
906 3643 1033 3735 capitia
1048 3651 1095 3713 et
1118 3642 1358 3713 membrorum
1386 3650 1485 3714 motu
1509 3650 1564 3713 te-

509 3771 691 3853 queretur‚
709 3784 792 3832 eum
809 3759 1025 3854 eloquentiae
1049 3758 1206 3850 inopiam
1228 3758 1379 3829 comoedi
1403 3758 1562 3830 artificiis

511 3898 740 3969 compensare
767 3876 934 3960 dicerem,
962 3885 1000 3946 et
1029 3875 1180 3945 mimum
1208 3898 1314 3970 agere
1344 3897 1414 3945 non
1446 3885 1564 3946 orato-

510 4014 598 4062 rem.

561 4104 689 4199 Neque
707 4129 791 4177 sane
813 4105 849 4176 in
876 4109 944 4178 hoc
964 4108 1130 4177 lubenter
1145 4106 1227 4178 lites
1245 4129 1419 4190 moveam,
1436 4129 1563 4200 quam-

509 4220 564 4292 vis
594 4224 708 4293 multa
736 4222 808 4293 sint
837 4246 919 4317 quae
953 4246 1030 4293 rem
1063 4222 1176 4314 ipsam
1207 4219 1246 4291 in
1276 4221 1385 4292 dubio
1414 4232 1562 4315 ponant,

509 4348 631 4410 utrum
658 4337 793 4409 scilicet
809 4362 832 4410 a
847 4362 975 4410 vocum
993 4362 1079 4409 sono
1096 4339 1148 4410 rei
1165 4348 1358 4431 conceptus
1379 4338 1418 4408 in
1440 4350 1563 4411 mente

508 4455 680 4547 pariatur,
697 4478 742 4527 an
769 4455 872 4527 solito
894 4455 1082 4527 verborum
1109 4478 1214 4527 sensu
1237 4466 1385 4548 repente
1406 4454 1562 4550 impulsa
