3559 5575
435 248 667 315 Pam..
696 247 839 312 XI.
1079 245 1211 312 DE
1259 245 1898 313 IMITATIONE.
2425 243 2544 312 161

433 420 693 494 tribuit
723 418 1107 512 AEschylus
1135 419 1215 491 in
1253 420 1513 492 Persis.
1614 421 1867 493 Allato
1898 421 2096 492 enim
2143 417 2555 493 Salaminiae

433 537 658 610 cladis
691 535 972 619 nunti0,
996 535 1247 631 regina
1280 536 1515 629 primo
1544 537 1774 608 ferme
1809 538 2144 623 attonita,
2170 549 2555 631 postquam

418 654 561 727 -diu
611 653 977 740 tacuisset,
1008 654 1304 725 tandem
1351 652 1463 724 his
1505 653 1720 725 dictis
1762 653 2141 726 interiores
2183 653 2409 725 animi
2442 650 2557 724 sui

702 1111 788 1174 Τὸ
817 1111 960 1193 μήτε
986 1106 1177 1188 aient,
1206 1110 1336 1191 μήτ’
1370 1113 1640 1195 ἐρωτῆσαι
1668 1110 1833 1188 πάθη.
2075 1112 2289 1176 PRBS.
2319 1113 2467 1176 288.

428 1240 752 1310 Poterat
785 1259 955 1309 sane
985 1259 1101 1309 res
1132 1236 1242 1309 ita
1273 1260 1452 1324 esse,
1485 1237 1612 1308 sed
1644 1238 2078 1309 admonente
2111 1249 2241 1310 aut
2264 1250 2564 1334 rogante

442 1353 589 1425 alio
620 1352 969 1424 declarari
1003 1351 1277 1423 debuit.

541 1469 760 1552 Quod
809 1468 872 1539 si
921 1469 1132 1560 culpa
1181 1489 1329 1539 non
1379 1478 1589 1538 vacat
1621 1466 1948 1560 scriptor,
1982 1468 2273 1560 quando
2320 1491 2418 1540 ex
2465 1472 2570 1541 lo-

434 1585 730 1680 quentis
762 1606 884 1656 ore
918 1584 1262 1655 docemur
1306 1583 1434 1678 qui
1477 1583 1623 1655 sint
1656 1583 1883 1676 ipsius
1929 1583 2130 1655 taciti
2181 1584 2567 1679 intimique

416 1725 733 1784 -sensus3
782 1699 1072 1796 gravius
1105 1702 1346 1772 adhuc
1377 1700 1813 1793 peccabitur,
1842 1701 1903 1771 si
1936 1702 2227 1794 quando
2260 1712 2567 1777 externa

435 1817 757 1912 corporis
789 1816 1059 1889 indicia
1090 1841 1258 1888 cum
1292 1817 1557 1888 affectu
1592 1817 1818 1888 animi
1853 1818 2243 1912 conjuncta
2278 1827 2567 1890 enarret

414 1933 724 2027 aliquiS,
759 1956 902 2027 quo
955 1933 1256 2004 affectus
1302 1933 1416 2004 sui
1447 1933 1597 2003 vim
1642 1933 2039 2027 significet:
2092 1956 2262 2005 cum
2313 1936 2473 2005 haec
2522 1957 2569 2005 a

431 2051 788 2142 loquente
823 2049 1018 2118 cerni
1051 2051 1262 2140 plane
1288 2071 1434 2119 non
1460 2048 1760 2141 possint,
1790 2058 1923 2119 aut
1948 2049 2011 2118 si
2041 2059 2357 2141 possent,
2382 2050 2572 2143 ejus-

436 2163 652 2234 modi
708 2173 955 2234 tamen
1007 2163 1173 2246 sint,
1212 2173 1300 2234 ut
1354 2186 1572 2234 nemo
1630 2163 1950 2257 graviter
2008 2174 2411 2235 commotus
2460 2187 2573 2235 ra-

451 2278 727 2350 tionem
761 2300 1011 2349 eorum
1044 2279 1344 2349 haberet
1377 2279 1492 2347 vel
1525 2277 1924 2348 minimam.

554 2393 964 2466 Fastidiose
1012 2392 1228 2464 nimis
1275 2392 1607 2488 judicare
1657 2392 1927 2476 videar,
1977 2393 2039 2465 si
2093 2395 2232 2465 hoc
2282 2393 2572 2467 nomine

449 2507 938 2606 virgilianum
973 2509 1155 2580 illud
1186 2509 1609 2602 improbem,
1642 2505 2038 2605 Obstupui,
2063 2517 2572 2606 steteruntque

445 2646 694 2711 comoe,
720 2624 1059 2720 quoniam
1094 2626 1253 2696 haee
1283 2625 1391 2697 rei
1425 2625 1819 2717 praeteritae
1852 2635 1963 2697 est
1993 2626 2567 2699 narratio—»tum

446 2742 621 2837 quia
669 2764 900 2815 comae
959 2743 1250 2814 horrore
1309 2752 1612 2815 arrectae
1656 2752 1824 2815 cute
1867 2741 2024 2836 ipsa
2074 2743 2249 2816 satis
2297 2743 2570 2838 percipi

447 2869 761 2953 possent.
865 2860 1050 2942 Quae
1096 2870 1341 2931 autem
1378 2859 1465 2930 lo
1502 2859 1581 2929 in
1616 2859 1941 2952 AEschyli
1976 2859 2411 2932 Prometheo
2454 2861 2572 2931 fu·

449 2976 760 3047 ribundo
805 2999 929 3046 ore
967 2979 1202 3071 jactat
1234 2986 1545 3069 utroque
1577 2974 1759 3046 vitio
1791 2975 2143 3059 laborant,
2177 2986 2263 3047 ut
2295 2987 2372 3049 et
2404 3000 2570 3071 quae

452 3090 653 3162 intus
706 3091 974 3163 sentiat
1016 3091 1402 3186 diligenter
1450 3090 1666 3161 nimis
1716 3100 2177 3185 exsequatur,
2223 3101 2300 3162 et
2349 3115 2569 3184 quam

455 3205 768 3299 speciem
815 3207 1116 3277 aliorum
1162 3206 1388 3277 oculis
1436 3207 1779 3299 praebeat,
1820 3207 2147 3301 quamvis
2196 3208 2274 3281 in
2324 3210 2570 3281 amen·

452 3322 635 3395 tiam
670 3332 860 3411 acta,
891 3322 1130 3409 edicat
1161 3322 1338 3416 ipsa.

712 3519 866 3584 ‘Tro'
886 3519 951 3603 μ’
980 3516 1054 3584 αὖ
1083 3517 1376 3597 σφάκελος
1405 3518 1505 3584 καὶ
1533 3522 1924 3607 φρενοπληγεῖς
2013 3589 2024 3596 ,

718 3621 944 3687 Marias
975 3622 1270 3701 θάλπουσ’,
1301 3619 1524 3709 οἴστρου
1553 3623 1597 3683 δ’
1625 3618 1777 3708 ἄρδις
2031 3610 2038 3618 ’

891 3722 1055 3810 Χρῖει
1080 3725 1141 3806 μ’
1171 3720 1400 3809 ἄπυρος·

720 3825 946 3911 Κραδία
976 3827 1031 3889 δῖ
1063 3825 1226 3913 Φόβῳ
1255 3824 1424 3911 φρένα
1454 3824 1731 3905 λακτίζει,
1787 3844 1797 3851 ·

717 3928 1135 4013 Τροχοὸινιῖται
1165 3929 1210 3990 δ’
1238 3926 1442 4010 ὄμμαθ’
1474 3926 1720 4011 ἑλίγδην,

707 4025 872 4107 'Eia
899 4030 955 4092 δῖ
985 4028 1181 4116 δρόμου
1209 4029 1470 4115 φέρομαι,
1500 4029 1714 4106 λύσσης

723 4129 1020 4213 nudam
1047 4130 1284 4218 μάργῳ»
1307 4130 1580 4217 ‘rmus
1609 4132 1874 4217 ἀκρατής·

1479 4254 1550 4306 M
