3559 5575
449 197 514 264 118
817 193 940 262 PARS
963 191 1123 261 PRIMA
1275 191 1386 262 Pus.
1403 195 1505 263 vm.

452 372 575 465 ceptis,
592 394 701 465 quam
721 369 860 463 judicio
880 369 1051 462 prudenti
1068 389 1111 441 ac
1127 369 1266 441 sincero
1283 371 1506 466 distinguen-

451 487 559 560 dum:
586 487 737 580 ideoque
754 485 839 555 alibi
854 485 987 557 rectius
1004 483 1050 557 de
1067 485 1123 556 his
1140 485 1338 557 ridendum
1355 488 1434 558 erit.

503 601 648 673 Interea
680 609 723 670 ut
752 601 989 672 concedamus
1022 601 1187 670 divinum
1216 609 1349 683 vatem,
1381 610 1506 692 utpote

452 718 700 815 grandioribus
720 716 913 799 intentum,
930 716 1024 788 levia
1045 719 1125 788 haec
1148 718 1342 811 aliquando
1363 737 1507 809 percur-

451 836 539 906 risse
555 832 805 928 negligentius,
823 841 861 903 et
873 855 1131 925 nonnunquam
1148 833 1187 902 in
1200 833 1363 927 vulgaria
1379 843 1417 903 et
1429 831 1508 926 qui-

453 953 536 1023 dem
549 951 671 1022 odiosa
684 973 760 1020 esse
774 950 979 1040 delapsum3
997 972 1043 1019 ex
1057 949 1183 1019 eodem
1197 959 1319 1018 tamen
1333 949 1508 1019 sumenda

454 1079 550 1150 sunt,
561 1067 670 1152 etiam
683 1065 720 1136 in
735 1067 801 1136 hoc
812 1065 928 1135 nitido
941 1078 978 1135 et
989 1064 1116 1136 leniori
1127 1085 1270 1160 genere,
1281 1087 1363 1157 quae
1376 1063 1507 1135 summi

453 1182 588 1275 opificis
606 1203 752 1253 manum
770 1190 961 1253 testantur.
996 1180 1183 1251 Discessus
1198 1180 1260 1251 ille
1278 1180 1446 1252 Hectoris
1461 1181 1507 1251 ab

454 1296 707 1368 Andromache
733 1305 831 1367 totus
857 1293 993 1366 deliciis
1018 1294 1199 1367 abundat:
1225 1305 1265 1366 at
1289 1317 1373 1388 quae
1397 1295 1509 1367 iuter·

448 1415 547 1509 jecta
563 1423 649 1484 suut
666 1413 710 1482 de
727 1409 865 1482 infante
882 1411 956 1482 filio
973 1418 1058 1483 sunt
1074 1411 1180 1483 melle
1197 1407 1366 1483 dulciora.

535 1606 592 1681 Ὣς
608 1605 688 1670 εἰπὸν
703 1603 733 1669 oi
747 1605 841 1680 νεανδός
856 1606 970 1692 ὀρέξατο
985 1605 1115 1690 φαίδιμος
1122 1606 1254 1694 Ἕκτωρ.

535 1708 601 1784 *Ab
616 1711 637 1771 δ’
654 1713 667 1772 ὁ
682 1708 747 1783 πάϊς
762 1709 827 1795 πρὸς
842 1709 945 1773 κόλπον
960 1709 1080 1791 lignianum
1094 1710 1197 1788 τιθήνης

539 1809 670 1889 'Rabirio
686 1811 789 1898 Ιίνχενν,
804 1815 909 1898 πατρὸς
923 1811 1007 1890 Φίλαν
1023 1812 1087 1888 ὄψιν
1101 1813 1245 1898 oiruxlrif,

540 1915 695 2000 Ταρβῆσας
708 1915 824 2000 χαλκόν
837 1939 880 1993 τε,
898 1915 935 1977 ἰδὲ
951 1914 1037 1991 λόφον
1053 1914 1246 2001 ἱππιοχαίτην,

543 2017 636 2080 Δεννὸν
650 2019 697 2080 ἀπ’
712 2017 868 2104 ἀκροτάτης
884 2017 992 2103 κόρυθος
1006 2015 1117 2079 νεύοντα
1132 2018 1241 2095 νοήσεις·

470 2151 478 2174 ι
540 2120 597 2183 Ἐν
611 2121 633 2182 δ’
647 2119 790 2205 ἐγέλασσε
804 2117 896 2204 scrip
910 2141 942 2181 τε
956 2117 1034 2198 φίλος
1050 2119 1098 2182 καὶ
1113 2118 1212 2182 πότνια
1224 2119 1327 2205 μήτηρ.

542 2223 641 2288 Airla’
657 2227 712 2289 ant
727 2223 829 2306 κρατὸς
844 2220 933 2306 κόρυθ’
948 2219 1038 2284 εἵλετο
1054 2218 1323 2308 ΦαίδιμοςἜκτωρ,

544 2325 603 2386 Kal
617 2329 666 2402 τὴν
678 2325 729 2406 μὶν
745 2321 894 2400 aurilianus
909 2322 951 2384 tri
963 2322 1044 2407 χθόνν
1058 2321 1283 2403 παμφανόωσαν·

543 2427 642 2510 Αὐτὰρ
659 2423 676 2487 i'
686 2425 716 2508 γ’
731 2422 759 2487 ὃν
775 2424 857 2502 cibor
872 2423 927 2488 νῖὂν
942 2424 999 2486 ἐπεὶ
1014 2422 1094 2502 κύσε,
1108 2423 1182 2501 πῆλέ
1195 2451 1226 2488 τε
1239 2427 1353 2512 χερσὶν,

543 2523 628 2588 Εἶπεν
644 2524 823 2606 ἐπευξάμενος
839 2524 890 2586 At
902 2527 940 2602 τ’,
956 2523 1087 2589 ἄλλοισίν
1100 2551 1131 2588 τε
1146 2526 1240 2590 θεοῖσι.
1312 2529 1363 2592 IL.
1380 2533 1419 2592 Z.
1435 2525 1510 2593 466.

507 2693 637 2788 Neque
665 2693 842 2789 estquod
868 2689 1015 2790 objiciat
1040 2693 1179 2789 aliquis,
1205 2695 1423 2767 commoveri
1452 2692 1512 2767 hic

457 2810 618 2883 animum
642 2811 806 2907 legentis,
829 2821 867 2884 et
888 2810 992 2905 quasi
1017 2810 1245 2884 miseratione
1269 2813 1425 2907 quadam
1450 2812 1512 2883 de·

456 2924 563 2996 liniri.
614 2927 688 2997 Res
713 2937 810 2999 certe
835 2936 890 2999 est
913 2926 1076 2998 amabilia
1100 2936 1138 2998 et
1162 2928 1358 3000 affectuum
1383 2930 1510 3020 planat

457 3043 521 3113 sed
545 3045 601 3115 vel
627 3064 650 3115 a
674 3040 856 3116 cummuni
880 3041 1067 3113 hominum
1090 3062 1189 3126 voce,
1212 3066 1307 3137 quae,
1329 3053 1373 3115 ut
1389 3064 1511 3115 versus

452 3160 530 3254 jam
551 3171 636 3234 suut
652 3160 840 3247 notissimi,
856 3158 896 3231 in
919 3157 1063 3229 laudem
1084 3158 1190 3231 istius
1214 3159 1382 3231 carminis
1407 3155 1513 3231 unice

458 3286 514 3347 est
530 3277 779 3361 consentiens,-

544 3388 674 3465 Ἐκλίνθη
691 3390 794 3473 ἰάχων,
809 3388 914 3473 πατρὸς
929 3386 1014 3465 φίλον
1029 3384 1093 3462 ὄψιν
1107 3388 1251 3473 anacteti,

458 3524 506 3572 ex
522 3501 602 3582 hoc,
619 3498 777 3591 inquam,
794 3498 881 3569 satis
903 3497 1056 3593 intelligi
1081 3506 1211 3591 potest,
1228 3499 1309 3592 oapi
1333 3522 1398 3571 nos
1421 3523 1513 3593 prae·

459 3617 563 3709 cipue
581 3613 782 3685 admirabili
797 3624 939 3687 naturae
956 3615 1177 3697 imitatione3
1195 3638 1239 3687 ea
1254 3616 1389 3689 scilicet
1400 3617 1514 3688 facul-

458 3742 547 3819 tate,
564 3753 673 3825 quam
691 3741 799 3823 caput
816 3754 892 3803 esse
908 3733 1017 3827 hujus
1037 3730 1125 3803 artis'
1148 3730 1317 3816 diximus,
1334 3752 1407 3825 qua
1431 3733 1513 3803 sub-

452 3848 631 3945 J'iciuutur
647 3846 758 3918 oculis
775 3848 957 3943 adJuncta,
970 3870 1051 3941 qua
1067 3858 1152 3919 sunt
1165 3848 1323 3919 maxime
1339 3849 1514 3943 cujusque

457 3966 511 4037 rei
536 3963 689 4058 propria,
707 3962 770 4035 sed
794 3985 875 4057 quae
900 3962 995 4059 pigri
1019 3963 1170 4060 alicujus
1190 3974 1254 4036 aut
1277 3962 1437 4057 imperiti
1458 3964 1514 4035 in·

458 4082 605 4177 genium
622 4080 799 4176 fugerent.
