3559 5575
279 187 510 253 Pam„
541 185 819 252 XVIII.
945 184 1076 249 DE
1121 184 1744 251 AFFECTIBUS.
2274 185 2404 255 ἒξ)

449 405 646 542 “Tu-⁸35
670 403 775 541 ἕιὶν
803 460 917 543 οὐχ
947 402 1345 544 ὄρᾶτε.τᾶ;ι·δ’,.
1362 456 1483 543 ἔγῶ
1507 460 1552 521 δ’
1576 461 1706 543 ὁρῶ,

449 560 804 643 Ἐλαῦνομαι
836 560 918 638 δὲ,
949 560 1003 622 κ’
1035 563 1135 624 οὐκ
1165 559 1240 624 ἔτ’
1270 558 1341 623 ὃν
1368 558 1619 643 μείναιμ’
1649 557 1791 644 ὶγῶ.

1501 663 1749 728 AEscn.
1775 663 2089 727 Cnom’n.
2117 664 2307 728 1050.

379 827 611 900 Nobis
645 837 888 899 autem
924 827 1360 921 jampridem
1395 835 1505 898 est
1537 825 2005 920 propositum,
2037 837 2124 897 ut
2159 825 2402 897 videa-

281 965 445 1011 mus
479 952 833 1036 quantum
868 943 959 1012 ad
993 938 1579 1013 misericordiam
1625 942 2215 1014 commovendam
2264 943 2403 1012 hu-

275 1057 401 1150 jus
434 1056 540 1127 rei
575 1080 708 1148 ope
749 1057 972 1150 possit
1005 1046 1230 1137 effici3
1282 1057 1472 1150 quod
1517 1081 1686 1128 sane
1733 1080 1971 1150 neque
2015 1056 2198 1127 nihil
2248 1079 2403 1127 esse

284 1180 488 1262 put0,
523 1194 756 1264 neque
789 1182 1076 1242 tantum
1113 1170 1390 1241 interea
1423 1182 1776 1264 quantum
1825 1171 1972 1243 fert
2004 1171 2403 1243 communis

283 1287 698 1358 criticorum
735 1311 879 1358 vox
914 1297 990 1359 et
1025 1287 1406 1358 sententia.

383 1403 811 1474 Occurritur
851 1403 1175 1495 profecto
1226 1426 1269 1473 a
1316 1401 1771 1495 quibusdam,
1807 1403 2146 1496 quoniam
2183 1404 2406 1474 malo-

284 1540 445 1588 rum
498 1518 822 1590 omnium
872 1541 1039 1611 quae
1082 1516 1160 1587 in
1202 1517 1569 1588 hominem
1618 1517 1888 1589 cadunt
1925 1518 2244 1590 misereri
2277 1517 2405 1589 de-

286 1643 470 1719 ceat,
526 1632 710 1704 nihil
767 1643 1011 1704 autem
1064 1632 1354 1727 gravius
1413 1633 1508 1704 sit
1570 1634 1840 1704 malum
1898 1633 2200 1718 insania,
2255 1656 2400 1727 qua

289 1750 503 1820 homo
537 1749 631 1820 ad
662 1748 955 1841 pecudis
989 1758 1256 1820 sortem
1289 1747 1580 1819 detrudi
1605 1748 2147 1844 videtur—jure
2171 1748 2402 1844 igitur

288 1865 769 1935 miserrimum
835 1864 1212 1958 praedicari
1279 1864 1590 1958 aliquem
1651 1873 1895 1935 mente
1953 1874 2270 1958 captum,
2326 1876 2402 1937 et

292 1979 598 2049 maximi
631 2003 783 2049 esse
815 1980 1076 2051 doloris
1110 1990 1639 2074 argumentum.

400 2094 542 2164 His
578 2103 821 2164 autem
856 2094 1270 2186 respondeo,
1296 2117 1441 2163 non
1468 2094 1559 2164 de
1585 2093 1840 2164 Officio
1874 2094 1991 2164 hic
2025 2093 2145 2188 agi
2178 2094 2404 2178 litem,

294 2210 423 2281 sed
455 2210 545 2280 de
593 2218 855 2280 natura
902 2232 986 2279 ac
1020 2209 1558 2280 veritate—-nec
1603 2210 1776 2302 quid
1822 2209 1953 2279 tali
1997 2209 2070 2279 in
2124 2233 2201 2281 re
2253 2210 2405 2303 pati

293 2326 623 2398 homines
672 2335 1022 2418 oporteat,
1058 2326 1184 2395 sed
1231 2325 1404 2418 quid
1445 2348 1692 2396 revera
1735 2325 2106 2417 patiantur
2153 2326 2403 2420 quaeri.

292 2444 554 2536 Neque
590 2465 761 2512 sane
796 2440 1001 2511 malis
1029 2440 1358 2513 omnibus
1383 2440 1933 2512 misericordiam
1963 2442 2204 2513 deberi
2232 2443 2405 2514 Phi-

294 2562 589 2653 losopho
624 2582 905 2630 summo
939 2558 1174 2628 visum
1209 2567 1341 2640 est,·
1376 2557 1503 2628 sed
1535 2556 1623 2628 iis
1662 2558 1876 2629 modo
1921 2580 2085 2650 quae
2131 2559 2227 2630 ad
2275 2582 2404 2630 ex-

294 2677 509 2749 itium
576 2685 705 2748 aut
771 2675 1088 2746 dolorem
1158 2674 1787 2767 pertinent—quae
1846 2672 2170 2771 φθαρτικόν
2234 2707 2295 2746 τι
2362 2672 2404 2763 ἢ

296 2788 555 2890 λυπηρὸν
600 2791 677 2862 in
729 2815 804 2862 se
855 2790 1250 2862 continent.
1352 2789 1651 2861 Etenim
1697 2791 1758 2862 si
1798 2801 2006 2863 extra
2043 2793 2169 2863 hos
2204 2792 2403 2878 fines,

297 2909 404 2980 ita
449 2934 495 2980 a
543 2907 958 3004 gravissimo
1008 2916 1301 2979 auctore
1351 2907 1801 2990 constitutoS,
1849 2909 1943 2978 ad
1988 2908 2402 2980 universum

298 3048 530 3121 genus
574 3023 681 3093 ire
723 3023 920 3104 libet,
953 3023 1211 3117 ecquid
1249 3024 1566 3116 profecto
1599 3024 1889 3118 gravius
1925 3026 2192 3095 malum
2228 3048 2407 3117 prae-

299 3143 523 3214 dicari
577 3151 836 3235 potest,
871 3164 1084 3234 quam
1134 3142 1328 3235 turpi
1373 3141 1648 3237 flagitio
1694 3152 1821 3213 aut
1861 3144 2122 3213 scelere
2171 3142 2408 3236 inqui-

299 3261 456 3332 nari
481 3261 517 3330 ἶ)
553 3259 749 3353 quod
780 3270 1022 3330 tamen
1053 3259 1163 3330 ira
1195 3269 1326 3330 aut
1357 3259 1522 3331 odio
1553 3268 1851 3353 praestat
1884 3282 2101 3352 quam
2138 3258 2412 3330 miseri-

301 3376 545 3449 cordia
576 3375 929 3469 prosequi.

402 3494 832 3585 Quanquam
868 3495 1114 3564 autem
1148 3491 1448 3564 insaniae
1480 3501 1556 3563 et
1589 3490 1871 3563 sceleris
1910 3493 2121 3586 longe
2167 3490 2407 3584 dispar

303 3607 400 3678 sit
453 3607 658 3692 ratio,
710 3619 793 3679 ut
844 3608 920 3678 in
977 3606 1176 3679 illam
1229 3608 1428 3679 nullo
1482 3607 1695 3679 modo
1753 3605 2182 3678 conveniant
2240 3628 2404 3700 quae

304 3722 474 3792 huic
515 3732 685 3792 sunt
717 3721 1025 3814 propria,
1060 3730 1301 3793 tamen
1336 3721 1451 3793 uti
1482 3746 1526 3792 a
1560 3721 1913 3815 plerisque
1947 3722 2407 3814 scriptoribus

308 3860 500 3910 nunc
541 3863 654 3909 res
699 3837 961 3934 agitur,
996 3840 1355 3910 horrorem
1391 3838 1650 3930 saepius
1684 3861 1780 3909 ex
1814 3837 2183 3909 delirantis
2215 3838 2410 3907 furo-

304 3955 503 4026 ribus
538 3944 729 4029 nasci
762 3954 1091 4050 contigit,
1124 3979 1339 4049 quam
1377 3953 1934 4025 misericordiam
1964 3979 1981 4023 ε
2034 3977 2267 4046 neque
2317 3951 2408 4021 ab

305 4072 448 4144 isto
478 4095 762 4165 prorsus
799 4071 975 4143 vitio
1007 4072 1291 4155 absunt,
1323 4070 1516 4163 quod
1552 4069 1877 4161 superius
1911 4078 2022 4140 est
2054 4078 2409 4148 notatum,
