3559 5575
342 212 578 276 Pam..
612 212 795 276 XII.
998 212 1131 277 DE
1180 212 1819 277 IMITATIONE.
2342 208 2474 281 169

345 394 867 478 conqueratur:
920 385 1114 479 quod
1153 385 1230 457 in
1278 409 1356 458 se
1398 384 1713 479 denique
1751 383 1986 477 ipsam
2037 382 2473 457 calamitatis

347 502 632 593 culpam
689 500 997 596 ingerat,
1050 509 1305 593 utpote
1354 523 1522 595 quae
1581 511 1735 572 tam
1794 498 1946 570 cari
2005 499 2263 592 capitis
2321 522 2468 571 non

344 617 517 688 satis
543 616 832 711 vigilem
868 642 944 688 se
979 617 1421 692 adhibuisset
1455 617 1850 689 custodem.

444 733 801 804 Praeclara
850 733 1028 805 item
1076 734 1316 806 luctus
1367 733 1660 828 effigies,
1706 733 1783 804 in
1829 730 2201 803 Alcestide
2245 730 2468 801 Euri-

339 848 555 941 pidis,
590 848 834 919 omnia
865 849 1018 919 fere
1052 849 1553 942 complectitur
1598 872 1764 941 quae
1814 848 2288 920 domesticum
2337 846 2468 917 do-

340 965 574 1036 lorem
607 965 798 1038 alere
831 973 907 1035 et
943 966 1372 1038 exacerbare
1405 966 1655 1037 solent.

1136 1152 1256 1212 Ποῖ
1279 1147 1561 1234 τρέψομαι
1581 1173 1603 1228 3

614 1252 697 1312 'H
723 1250 829 1331 μὲν
856 1253 976 1337 γὰρ
1007 1248 1146 1314 ἔνδον
1177 1253 1363 1330 ἐξολεῖ
1386 1254 1447 1334 μ’
1482 1249 1705 1336 ὅρημία,

613 1351 881 1426 Γυναικὸς
909 1354 1065 1425 εὐνὰς
1094 1349 1204 1415 εὖτ’
1233 1350 1305 1416 cir
1332 1350 1520 1415 εἰσίδω
1549 1355 1732 1429 κενὰς,

611 1453 856 1539 Θρὸνους
882 1454 937 1517 τ’
964 1457 1022 1517 ὅν
1049 1454 1188 1518 οἶσιν
1214 1455 1318 1537 ἵζε,
1352 1454 1451 1519 καὶ
1482 1457 1636 1518 κατὰ
1666 1453 1887 1540 στέγας

605 1556 918 1642 Αὖχμηρόν
946 1554 1127 1631 οὖδας·
1171 1555 1345 1620 τέκνα
1373 1558 1419 1620 δ’
1448 1556 1602 1640 ἀμφὶ
1631 1556 1873 1639 γούνασι

611 1656 910 1722 Πίπτονι-οι
940 1657 1127 1722 κλαίει
1154 1657 1369 1743 μητέρ’·
1415 1662 1464 1719 οἱ
1492 1658 1547 1721 ὃὸ
1575 1657 1834 1721 δεσπότιν

610 1757 917 1839 Erimon,
950 1760 1069 1823 οἵαν
1093 1762 1159 1823 lx
1187 1760 1367 1843 δόμων
1393 1758 1722 1823 &vineav-

611 1864 705 1923 Τοὶ
731 1861 835 1942 μὶν
870 1862 998 1928 κατ’
1029 1860 1205 1936 οἴκους
1230 1862 1426 1926 τοιάδ’·
1475 1860 1664 1939 ἔξωθεν
1692 1859 1749 1923 δι’
1779 1886 1854 1942 με

613 1960 800 2042 Γάμοι
828 1963 888 2044 γ’
919 1964 1093 2025 imm
1122 1966 1453 2028 Θεσσαλῶν
1485 1962 1582 2026 καὶ
1611 1959 1892 2046 σύλλογοι

617 2064 1098 2139 Γυναικοπληθεῖς·
1146 2065 1207 2127 οὔ
1233 2066 1356 2148 ’γὰρ
1387 2063 1714 2143 ἑξανᾶξομοιι

623 2162 896 2227 Λοῦσσοον
924 2161 1206 2248 δάμαρτος
1233 2168 1331 2239 τῆς
1361 2165 1496 2244 ὂμῆς
1524 2162 1825 2243 ὁμήλικας.
2075 2183 2207 2227 ver.
2235 2161 2386 2233 946.

463 2337 967 2410 Celeberrimae
1008 2348 1181 2410 sunt
1213 2337 1667 2410 foeminarum
1714 2337 1790 2408 in
1828 2336 2058 2409 Iliade
2101 2362 2314 2432 super
2358 2362 2476 2412 ca-

357 2454 583 2526 daver
617 2453 955 2525 Hectoris
985 2453 1578 2525 lamentationes:
1631 2476 1863 2547 neque
1911 2453 2178 2526 famam
2224 2479 2470 2527 earum

357 2567 635 2640 meritis
661 2570 1006 2664 majorem
1035 2568 1361 2640 arbitror.
1434 2568 1648 2640 Certe
1673 2568 1867 2640 dulci
1899 2569 2211 2662 quadam
2245 2572 2472 2642 abun-

356 2684 535 2755 dant
580 2694 656 2756 et
700 2685 951 2757 nativa
999 2685 1484 2778 simplicitate,
1518 2708 1683 2779 quae
1733 2685 1809 2755 in
1859 2695 2112 2777 pectus
2164 2687 2470 2782 legentis

357 2802 548 2874 ultro
579 2802 861 2885 influit;
912 2812 989 2875 et
1021 2813 1352 2875 extrema
1384 2803 1508 2873 illa
1541 2802 2085 2874 Andromaches

445 2936 598 3000 οὐδέ
624 2963 680 3000 τ.
708 2963 803 3019 μοι
833 2937 977 3012 ,1ης
1001 2941 1395 3001 nrmNoN
1426 2941 1688 3016 ΕΠοΣ,
1716 2941 1832 3001 orr
1856 2942 1968 3002 TE
2003 2940 2176 3001 KnN
2205 2941 2380 3001 mm
2432 2923 2464 2970 '·
2553 2978 2564 2985 -

449 3041 978 3103 ΜΕΜΝΗΜΗΝ
1003 3039 1204 3115 νύκτας
1225 3067 1288 3104 τι
1323 3041 1422 3103 καὶ
1443 3041 1640 3122 ἤματα
1660 3037 2081 3127 ὃακρυχίουσα.

1930 3154 1935 3160 ’
1983 3143 2088 3207 11..
2120 3145 2201 3204 Ω.
2235 3141 2387 3209 743.

360 3294 456 3343 ex
487 3270 645 3363 ipso
678 3272 964 3341 naturae
997 3271 1196 3343 fonte
1227 3272 1687 3345 hauriuntur.
1792 3270 1882 3343 In
1919 3271 2190 3343 Priami
2227 3280 2471 3342 autem

360 3387 586 3480 ipsius
633 3388 838 3458 luctu
886 3410 1028 3459 non
1076 3398 1223 3459 tam
1262 3389 1514 3460 Poetae
1549 3388 1992 3482 propositum
2028 3387 2245 3459 fuisse
2276 3385 2475 3457 vide-

359 3511 506 3586 tur,
538 3514 625 3575 ut
658 3505 1002 3574 lectorem
1048 3525 1128 3576 re
1171 3505 1464 3600 lugubri
1517 3513 1806 3576 moveat
1847 3514 1923 3576 et
1957 3501 2330 3575 sententiis
2374 3503 2473 3574 le-

361 3616 598 3700 nibuS,
644 3640 862 3710 quam
911 3629 997 3689 ut
1032 3642 1274 3690 veram
1315 3619 1490 3690 vitae
1540 3619 1928 3715 imaginem
1980 3619 2133 3690 sine
2181 3618 2346 3690 fuco
2396 3628 2473 3690 et

361 3730 662 3802 fallaciis
696 3735 1040 3825 praebeat.
1113 3735 1310 3805 Hinc
1336 3735 1566 3828 siqua
1590 3735 1812 3831 regiae
1845 3733 2184 3831 dignitati
2218 3733 2475 3828 patris-

363 3869 508 3940 que
545 3870 754 3941 aequo
799 3858 876 3920 et
910 3849 1074 3921 miti
1104 3849 1395 3946 ingenio
1428 3852 1666 3923 minus
1698 3852 2080 3925 convenire
2112 3852 2472 3934 videntur,

362 3962 443 4033 id
493 3985 580 4034 eo
624 3962 918 4036 consilio
959 3964 1237 4041 factum
1271 3977 1630 4059 putemus,
1666 3978 1748 4040 ut
1780 3978 2061 4040 naturae
2094 3968 2473 4039 veritatem

364 4079 566 4153 nullo
594 4077 711 4173 (ut
735 4080 820 4152 fit
852 4080 929 4152 in
962 4080 1198 4176 prisco
1229 4092 1307 4155 et
1330 4082 1492 4155 rudi
1526 4082 1717 4177 aevo)
1751 4084 2025 4176 pudore
2057 4082 2495 4193 obstrictam·
