3559 5575
549 461 602 526 xiv
708 455 1100 524 PRAELECTIONUM
1123 456 1453 525 ARGUMENTA.

591 629 709 696 officiis.
754 631 880 694 Harum
899 640 1036 713 augetur
1050 627 1098 691 vis
1116 628 1142 692 ai
1157 651 1177 692 a
1190 629 1333 714 personia
1347 629 1653 718 interagendum

592 733 803 822 proferantur.
847 729 1018 795 Tranritur
1042 727 1117 793 inde
1144 729 1187 794 ad
1215 731 1343 796 mollita
1372 732 1652 824 insigniterque

592 833 815 900 sententiarum
828 854 939 920 genua.
971 829 1086 896 Valent
1101 832 1153 897 hae
1167 853 1277 897 omnea
1290 834 1322 896 in
1336 849 1497 920 poemate,
1517 857 1646 924 prout

589 937 685 1024 jurtoe
698 937 817 1003 fuerint
830 949 862 1000 et
876 933 1063 1023 probabiles.
1477 960 1521 1024 p.
1539 941 1641 1004 804.

749 1143 995 1204 PRAELECTIO
1016 1142 1212 1202 VICESIMA
1233 1144 1404 1203 QUINTA.

552 1251 791 1318 Sententiarum
806 1247 853 1310 vir
866 1243 1149 1332 augeturdioentis
1162 1245 1314 1323 moribus,
1329 1248 1354 1311 i.
1367 1267 1393 1309 e.
1409 1245 1436 1310 ai
1450 1246 1493 1312 ab
1507 1271 1558 1312 eo
1572 1250 1635 1313 di.

595 1365 717 1430 uantur,
731 1373 825 1439 quem
849 1349 940 1438 prius
960 1346 1104 1412 noverint
1124 1345 1255 1411 lectores
1276 1348 1446 1413 autetiam
1471 1349 1628 1439 diligant

594 1471 627 1522 et
640 1454 846 1522 admirentur.
889 1451 987 1528 Tum,
1003 1449 1206 1514 aioommotoe
1221 1449 1334 1514 mentia
1351 1451 1467 1517 iudicia
1485 1477 1563 1542 prae
1585 1479 1626 1520 se

593 1562 707 1628 ferant.
753 1555 921 1624 Sententiis
949 1577 1059 1618 rurrua
1086 1553 1206 1640 optime
1233 1553 1440 1619 declarantur
1468 1557 1623 1622 Mores:

594 1663 767 1753 praesertim
783 1659 839 1724 ubi
852 1671 927 1723 sunt
940 1655 1087 1721 subtilius
1100 1654 1183 1722 inter
1196 1679 1229 1720 ae
1244 1655 1470 1744 distinguendi.
1519 1661 1622 1725 Prae-

593 1765 685 1852 cipue
699 1777 804 1827 autem
819 1761 852 1824 in
864 1757 1044 1824 Affectibus
1054 1757 1216 1822 movendis
1224 1758 1359 1839 valeant,
1371 1760 1398 1824 ai
1411 1782 1434 1824 n
1447 1765 1620 1827 connais

594 1866 726 1932 nemra
740 1863 879 1928 ntor-idua
893 1862 1092 1949 aliquantum
1107 1861 1309 1926 abhorreant.
1478 1887 1511 1951 p.
1529 1865 1615 1930 ³15.

765 2071 1011 2132 PRAELECTIO
1031 2069 1225 2128 VlCESIMA
1245 2069 1386 2128 SEXTA.

554 2175 700 2242 Vitandoe
714 2187 789 2238 aunt
803 2175 981 2240 Sententiae
995 2193 1102 2259 pravae
1117 2185 1150 2236 et
1165 2169 1381 2235 odiosa-aut
1399 2171 1426 2236 ai
1446 2194 1521 2259 quae
1543 2174 1612 2238 rint

595 2279 665 2367 ejus
678 2277 801 2369 generis
814 2300 834 2341 a
848 2277 1000 2341 Peraonia
1014 2273 1118 2351 dictae,
1133 2286 1345 2338 extenuentur
1358 2288 1516 2360 quantum
1535 2293 1610 2365 pot.

595 2398 654 2463 eat,
669 2397 701 2448 et
714 2379 849 2447 dolorem
863 2376 1023 2467 quendam
1038 2374 1164 2440 virtutis
1176 2375 1319 2441 induant
1365 2378 1453 2455 Quae
1467 2399 1544 2443 vero
1564 2402 1608 2444 ea

595 2508 629 2554 re
642 2484 784 2575 loquitur
797 2497 902 2573 poeta,
918 2501 1040 2567 semper
1053 2476 1116 2541 rint
1130 2500 1176 2541 eoe
1189 2478 1299 2565 proboe
1312 2491 1346 2542 et
1358 2479 1511 2544 honestae.
1542 2481 1605 2542 Ca-

596 2590 734 2655 vendum
750 2603 854 2653 tamen
870 2599 928 2662 est,
943 2606 983 2648 ne
997 2580 1129 2647 modum
1143 2597 1454 2668 exsuperent-neve
1469 2580 1532 2646 rint
1543 2581 1602 2645 ob·

596 2703 794 2757 scura-aut
808 2702 910 2752 acutae
923 2682 1025 2749 nimis.
1070 2681 1158 2747 Hinc
1171 2683 1211 2746 de
1218 2684 1385 2771 proverbii
1398 2697 1432 2748 et
1440 2685 1602 2772 parabola

597 2794 699 2859 forma
712 2812 814 2879 pauca
827 2785 952 2852 dicendi
967 2783 1086 2850 occasio
1099 2783 1203 2851 datur.
1478 2811 1512 2877 p.
1526 2789 1601 2853 828

745 2992 990 3053 PRAELECTIO
1011 2992 1206 3053 VlCESIMA
1226 2993 1412 3054 SEPTIMA.

556 3103 607 3167 De
621 3094 820 3186 Epitaphia.
865 3093 1052 3160 Cavendum
1066 3117 1107 3159 ne
1119 3095 1153 3159 in
1169 3096 1265 3160 rebus
1280 3096 1444 3161 narrandis
1463 3096 1601 3184 longiora

598 3202 672 3268 sint.
716 3198 772 3263 Ad
788 3197 847 3263 tria
861 3197 1048 3286 plerumque
1061 3198 1165 3286 oapita
1177 3198 1367 3264 referuntur.
1406 3201 1438 3265 1.
1454 3202 1599 3265 Mortuo·

597 3327 668 3371 rum
684 3325 786 3368 mores
800 3300 992 3367 referuntur.
1015 3303 1047 3366 2.
1062 3299 1243 3366 viventium
1257 3302 1480 3390 exprimuntur
1493 3304 1596 3368 Affec-

597 3423 659 3475 tus.
703 3407 735 3471 3.
752 3402 914 3471 Sententia
927 3400 1033 3489 aliqua
1048 3401 1181 3490 pulchra
1193 3415 1250 3467 aut
1264 3402 1369 3490 gravia
1383 3403 1575 3491 proponitur.

1480 3527 1512 3593 p.
1525 3507 1594 3570 sta.

643 3768 765 3834 PARS
789 3766 979 3831 TERTIA
1003 3764 1107 3831 SIVE
1130 3767 1195 3831 DE
1219 3765 1515 3831 PHANTASIA.

753 3899 998 3959 PRAELECTIO
1019 3900 1212 3960 VICESIMA
1233 3901 1402 3959 OCTAVA.

556 4014 725 4103 Repetitur
739 4036 779 4077 ex
793 4012 931 4077 secunda
943 4010 1141 4100 praelectione
1155 4010 1244 4076 rudia
1256 4011 1404 4099 quadam
1418 4011 1593 4078 Phantariae

597 4116 776 4203 descriptio.
821 4115 915 4179 Nova
935 4112 1060 4194 scilicet,
1078 4112 1263 4201 longian
1281 4114 1417 4193 insolita,
1440 4112 1590 4191 mirabilia,

597 4235 630 4286 et
644 4218 725 4283 veria
738 4217 954 4307 praestantiora
967 4216 1101 4281 affectat.
1139 4217 1192 4280 Ex
1207 4218 1267 4281 hac
1281 4218 1423 4295 materia,
1438 4216 1534 4305 primo
1546 4240 1590 4280 ru-

599 4325 696 4389 mitur
709 4321 861 4409 quicquid
875 4321 917 4386 ad
934 4321 1114 4386 Coelcrttum
1128 4334 1274 4385 naturam
1289 4320 1436 4408 pertinet.
1466 4320 1504 4383 ln
1518 4319 1589 4382 hisce
