3559 5575
380 115 606 180 Pam„
641 115 804 180 vn.
1026 116 1156 180 DE
1206 115 1840 180 IMITATIONE.
2407 118 2496 187 93

378 289 813 361 carminibus
857 289 1330 373 conferamus,
1368 289 1581 363 facile
1632 287 2007 383 apparebit
2049 298 2216 360 uter
2266 287 2496 383 magis

377 429 473 476 ex
513 415 848 477 accurata
897 416 972 478 et
1006 406 1276 478 diserta
1321 405 1801 499 descriptione
1851 405 2139 477 laudem
2192 414 2495 499 quaerat.

377 521 668 593 Merum
702 523 1105 593 culmorum
1139 532 1419 595 motum
1452 522 1727 595 indicat
1766 522 2170 593 Homerus:

547 699 656 774 Ὠς
685 700 726 762 δ’
759 698 849 762 ὅτε
879 700 1084 778 κινήσει
1116 661 1358 785 ὶέφυρος
1387 701 1530 780 βαθὺ
1561 701 1712 778 λῆἵον
1744 697 1935 777 ἔλθῶν,
2287 768 2298 777 .

549 801 780 885 Λᾶβρος
804 801 1131 885 ἐπαιγίζων,
1152 804 1238 865 ἐπὶ
1261 804 1312 865 τ’
1339 801 1495 884 ἠμύει
1520 801 1943 888 ἀσταχύεσσιν.
2061 802 2166 865 11..
2195 806 2266 864 B.
2288 801 2443 869 147.

376 971 567 1042 Rem
606 970 996 1063 speciosam
1033 981 1249 1064 atque
1283 973 1687 1066 elegantem
1721 973 1828 1043 ita
1867 972 2099 1065 aperit
2132 973 2371 1055 Silius,
2406 983 2492 1047 ut

374 1109 453 1158 se
489 1085 753 1178 saepius
787 1088 1193 1178 spectaculo
1225 1085 1445 1158 fuisse
1478 1087 1843 1158 intentum
1878 1088 2091 1179 plane
2118 1087 2489 1182 significet.

551 1266 744 1332 Mitia
770 1290 887 1332 ceu
917 1266 1150 1331 virides
1177 1265 1420 1354 agitant
1447 1289 1650 1353 quum
1680 1264 1937 1330 flamina
1960 1267 2224 1348 culmos,

550 1369 842 1435 Necdum
872 1383 1152 1434 maturas
1180 1367 1446 1456 impellit
1475 1382 1704 1434 ventus
1728 1368 1971 1448 aristaS,

547 1476 700 1538 I-Iuc
729 1487 921 1560 atque
948 1472 1076 1537 huc
1103 1472 1154 1537 it
1183 1493 1429 1536 summa
1458 1495 1657 1559 segm,
1688 1486 2050 1560 nutansque
2080 1471 2348 1537 vicissim

543 1575 816 1639 Alterno
842 1573 1010 1639 lente
1037 1588 1218 1640 motu
1247 1575 1576 1640 incurvata
1594 1577 1867 1641 nitescit.
1960 1576 2101 1641 Su„
2131 1576 2264 1640 IX.
2290 1576 2438 1641 358.

375 1745 730 1841 Ejusdem
764 1755 876 1817 est
909 1746 1225 1830 calculus
1255 1744 1332 1815 in
1367 1747 1605 1816 lacum
1642 1745 2030 1817 demissus:

551 1928 654 1993 Sic
680 1928 794 1992 ubi
821 1929 1110 2015 perrupit
1138 1941 1534 2015 stagnantem
1563 1928 1843 1994 calculus
1872 1929 2138 2010 undam,

549 2030 843 2116 Exiguos
871 2030 1101 2116 format
1128 2052 1242 2116 per
1270 2029 1474 2117 prima
1503 2029 1827 2093 volumina
1855 2052 2071 2116 gyros,

553 2131 742 2207 Mox,
774 2129 1114 2194 tremulum
1145 2130 1398 2194 vibrans
1426 2144 1606 2194 motu
1635 2130 1935 2217 gliscente
1964 2130 2298 2217 liquorem,

553 2232 943 2320 Multiplicat
974 2232 1223 2298 crebros
1253 2233 1483 2297 sinuati
1511 2233 1786 2320 gurgitis
1816 2234 2036 2308 orbes;

550 2337 774 2401 Donec
803 2353 1127 2422 postremo
1156 2335 1380 2400 laxatis
1409 2335 1681 2399 circulus
1708 2336 1835 2400 oris

548 2438 896 2526 Contingat
920 2437 1205 2526 geminas
1234 2437 1455 2527 patulo
1483 2438 1846 2504 curvamine
1875 2438 2060 2526 ripas,

1855 2545 1998 2607 Su..
2034 2541 2256 2606 XIII.
2290 2543 2397 2603 24.

372 2711 788 2783 Illustrandi
833 2711 1126 2805 quidem
1172 2709 1409 2806 gratia
1462 2711 1618 2779 haec
1668 2710 1887 2780 babet
1928 2709 2255 2780 ardorem
2306 2729 2489 2803 pug-

369 2827 591 2899 nandi
627 2829 997 2920 paullatim
1026 2852 1155 2921 per
1177 2827 1580 2899 exercitum
1609 2837 2046 2898 crescentem
2073 2851 2090 2908 ;
2126 2825 2249 2896 sed
2276 2847 2487 2895 nemo

368 2965 513 3013 non
552 2942 752 3013 videt
790 2955 1074 3035 poetam
1113 2942 1547 3034 (praesertim
1594 2941 1668 3011 in
1716 2942 2095 3033 postremis
2130 2940 2479 3033 versibus)

368 3081 522 3128 rem
575 3057 970 3150 principem
1016 3056 1360 3141 oblivisci,
1396 3066 1472 3128 et
1502 3057 1578 3127 id
1613 3058 1845 3127 solum
1881 3081 2153 3142 curare,
2188 3067 2272 3128 ut
2307 3057 2488 3127 veri-

368 3184 596 3274 tatem
633 3174 709 3243 in
744 3174 1059 3245 secunda
1095 3171 1626 3244 accuratissime
1662 3183 1971 3243 tueatur.

470 3290 685 3372 Quod
737 3290 1114 3360 consilium
1173 3288 1621 3382 frequentius
1673 3289 1910 3359 adhuc
1957 3287 2032 3359 in
2071 3288 2283 3359 variis
2336 3288 2487 3360 ani-

371 3407 724 3477 mantium
762 3405 1019 3477 studiis
1046 3429 1130 3476 ac
1167 3404 1482 3476 moribus
1506 3404 1896 3476 referendis
1924 3404 2244 3475 adhiberi
2273 3406 2483 3477 solet:

371 3533 621 3616 utpote
668 3523 926 3616 quibus
975 3524 1132 3614 plus
1178 3522 1368 3592 inest
1413 3545 1621 3592 suum
1674 3520 1934 3615 cuique
1984 3520 2374 3614 proprium,
2409 3532 2485 3593 et

372 3640 698 3736 diligenti
735 3638 1229 3711 observatione
1263 3639 1858 3733 cognoscendum.
1965 3637 2157 3708 Tum
2195 3637 2485 3708 cuicun-

370 3780 512 3850 que
553 3766 663 3828 est
699 3755 849 3827 vita
893 3765 967 3826 et
1001 3778 1247 3827 sensus
1299 3765 1373 3826 et
1407 3756 1730 3838 affectus,
1765 3754 1840 3825 id
1877 3753 2103 3849 magis
2137 3765 2330 3826 certe
2376 3763 2485 3824 at-

371 3872 594 3966 tingit
627 3872 974 3955 animum,
1008 3882 1083 3944 et
1120 3870 1408 3967 dignius
1441 3895 1660 3967 quam
1708 3894 1874 3964 quae
1922 3869 2032 3940 his
2077 3879 2325 3941 carent
2358 3892 2484 3940 ex-

370 3988 639 4082 plicatu
670 3988 974 4059 videtur.
