3559 5575
465 563 509 625 22
715 555 1007 624 PRAELECTIO
1029 555 1267 626 SECUNDA.

466 734 572 806 batur
589 743 732 805 tantum
748 732 794 803 de
811 740 888 804 arte
903 729 1116 804 imitationis
1133 740 1313 824 quatenus
1329 731 1379 806 ad
1390 730 1527 807 verita·

466 859 541 919 tem
559 848 645 919 vitra
661 847 819 931 medat,
836 870 935 918 nunc
949 846 987 918 in
1004 869 1082 918 rem
1098 845 1216 940 ipsam
1232 847 1451 924 imitandam
1467 849 1525 924 iu·

466 962 632 1057 quiritur.

515 1079 612 1163 Jam,
639 1101 722 1150 cum
751 1078 804 1150 ita
832 1090 964 1153 natura
992 1078 1191 1170 comparati
1218 1103 1356 1165 summ,
1385 1091 1429 1156 ut
1458 1081 1523 1159 vix

466 1195 663 1289 quidquam
691 1195 839 1266 humani
868 1219 890 1266 a
918 1195 1021 1268 uobis
1044 1194 1203 1266 alienum
1232 1219 1311 1270 esse
1339 1207 1523 1289 putenm.

466 1319 546 1381 tum
572 1309 666 1382 inest
688 1320 785 1382 uerte
810 1310 946 1404 aliquid
969 1311 1007 1382 in
1033 1310 1252 1406 mannonis
1276 1313 1523 1408 luctuosiaque

465 1427 630 1516 fortunis,
648 1429 745 1521 quod
767 1427 949 1522 praecipua
970 1427 1126 1521 quadam
1143 1427 1181 1498 ri
1202 1429 1365 1520 percellit
1384 1441 1521 1518 seuuu,

465 1552 503 1616 et
519 1545 655 1619 defixas
672 1555 773 1620 tenet
790 1546 977 1620 homiuum
1002 1554 1151 1616 menter.
1203 1543 1286 1616 Hoc
1310 1545 1391 1620 aliis
1415 1545 1522 1623 aliter

465 1661 608 1736 munire
636 1663 754 1740 risum
782 1671 848 1733 est.
901 1660 1216 1732 Existimaremnt
1241 1661 1408 1736 nonnulli
1435 1663 1522 1737 alie·

465 1805 530 1856 uas
546 1786 768 1862 calamitates
785 1793 822 1854 et
840 1782 1019 1854 molestias
1034 1782 1421 1864 quemquamst
1436 1807 1521 1878 qum

464 1899 600 1971 fuerint
616 1899 840 1992 aliquantum
855 1899 988 1979 levari3
1008 1897 1066 1970 vel
1082 1897 1113 1969 si
1129 1907 1270 1970 uosmet
1281 1898 1320 1969 in
1338 1909 1420 1970 tuto
1436 1923 1521 1972 oon·

465 2015 644 2100 sistamus,
667 2038 709 2086 eo
733 2014 811 2106 ipso
831 2006 1054 2105 voluptatem
1081 2013 1217 2108 percipi
1238 2037 1313 2085 non
1334 2014 1520 2111 exiguam,

465 2131 662 2203 secundum
679 2129 938 2202 Lucretianum
954 2129 1057 2214 illud,

552 2299 676 2380 Quibus
690 2299 756 2392 ipse
771 2298 860 2368 malis
874 2321 980 2365 careas
993 2296 1067 2387 quia
1083 2319 1210 2362 eernere
1224 2319 1320 2362 suave
1331 2309 1387 2363 est

464 2470 621 2554 Quidam
643 2471 714 2546 alia
738 2495 860 2544 rursus
879 2471 926 2544 ab
948 2469 1086 2566 origine
1106 2478 1222 2546 totam
1242 2491 1320 2544 rem
1336 2479 1518 2562 repetunt.

464 2587 637 2664 Statuunt
650 2589 825 2683 imprimis
837 2588 929 2662 nihil
945 2586 1060 2683 magis
1076 2586 1123 2662 ob
1138 2585 1293 2662 bonoiuis
1309 2594 1443 2662 natura
1457 2587 1521 2662 ab·

463 2706 607 2781 horrere
624 2729 732 2801 quam
757 2715 800 2776 ut
820 2705 1017 2777 cessatione
1042 2712 1194 2797 torpeat.
1246 2701 1346 2776 Hiuo
1370 2697 1520 2797 aliquo,

464 2819 579 2905 aiunt,
596 2845 736 2914 semper
759 2820 982 2914 anquirimns
1005 2821 1103 2914 quod
1121 2818 1239 2895 irritet
1256 2830 1519 2915 renouauitque

464 2936 585 3011 animo
612 2936 714 3031 quasi
739 2958 905 3009 somnum
929 2936 1103 3011 excutiat.
1157 2935 1257 3013 Hinc
1277 2935 1326 3013 ad
1347 2936 1464 3015 oleum
1479 2947 1518 3017 ot

463 3054 566 3127 ludos
583 3052 791 3132 advolutum
809 3060 851 3123 ut
867 3050 1013 3125 incertis
1029 3074 1151 3126 rerum
1167 3050 1355 3128 eventibus
1371 3074 1519 3145 aupem

464 3193 524 3246 sus
541 3170 679 3241 interea
694 3176 861 3240 teneatur
877 3166 1156 3261 minuuntque
1172 3165 1320 3241 alternis
1338 3165 1427 3259 spei,
1443 3189 1520 3267 moy

464 3295 534 3369 tus,
552 3284 686 3381 gaudii,
700 3284 859 3359 maeroris
876 3282 1045 3357 fluctibus
1061 3282 1231 3379 agitetur.
1284 3281 1383 3359 Hinc
1399 3282 1447 3356 ad
1461 3281 1514 3356 iu·

464 3400 601 3485 cendia,
619 3400 746 3487 caedes,
764 3398 986 3473 carnificinas
1003 3400 1113 3494 vulgo
1131 3398 1366 3475 concurritur.
1419 3396 1520 3471 Hinc

463 3518 666 3603 homicidia,
684 3516 883 3613 naufragia,
895 3538 1037 3593 eversas
1054 3515 1179 3591 domos
1194 3514 1398 3606 frutusque
1413 3512 1518 3585 fami·

463 3632 592 3708 linium
618 3657 697 3727 spes
722 3633 826 3707 avide
855 3632 1001 3709 auribus
1031 3630 1232 3723 arripimus.
1283 3630 1376 3717 Quae
1392 3638 1516 3703 tamen

463 3748 585 3825 omnia
602 3758 745 3824 tantum
758 3749 915 3823 afferunt
927 3770 1049 3823 secum
1062 3746 1319 3830 molestiarum,
1330 3746 1360 3821 ai
1371 3743 1518 3839 quando

463 3864 580 3957 reipsa
597 3864 773 3948 madunt,
785 3888 827 3937 ac
844 3864 931 3937 vina
948 3864 1156 3941 societatem
1173 3872 1361 3957 tantopere
1376 3872 1518 3954 pertur-

464 3983 563 4065 bant,
580 3993 622 4055 ut
643 4004 750 4057 nemo
775 3981 828 4052 ita
851 3980 1070 4056 inhumanus
1094 3980 1257 4067 exsistat,
1279 3979 1344 4075 qui
1368 3981 1447 4054 haec
1469 3979 1518 4057 ad

464 4121 566 4175 suam
582 4100 869 4193 qualemcunque
885 4098 1108 4189 voluptatem
1132 4097 1355 4173 efficiendam
1371 4096 1515 4172 evenire

464 4216 597 4311 cupiat.
648 4216 875 4307 Quapropter
891 4214 981 4287 illud
997 4214 1093 4287 inter
1114 4223 1248 4291 catera
1264 4214 1425 4293 Poeticae.
1445 4214 1516 4296 arti

462 4332 560 4409 laudi
573 4334 722 4415 ducunt,
735 4329 829 4425 quod
843 4330 981 4404 fabulas
993 4332 1040 4405 ad
1051 4330 1128 4405 veri
1144 4330 1416 4408 similitudinem
1432 4353 1517 4408 oon·

463 4452 564 4525 fictas
581 4449 740 4525 sensibus
755 4447 988 4543 subjiciendo,
999 4446 1245 4543 hujuscemodi
1255 4446 1450 4539 voluptatis
1460 4445 1517 4527 iu-¹
