3559 5575
488 155 532 224 78
831 157 837 164 '
855 147 978 220 Palts
989 145 1162 214 ‘PRIMA
1351 147 1468 212 Pur..
1485 148 1567 212 vl.

574 320 784 410 Promquitur
799 319 964 385 volucrum
979 317 1043 385 lata
1055 317 1226 384 comitatus
1236 318 1408 400 Amorum,

575 421 865 510 Tranquillumque
878 420 983 486 choris
996 418 1141 508 quatitur
1158 442 1264 485 mare:
1297 421 1390 485 Serta
1406 443 1466 508 per
1478 444 1563 485 om-

576 547 875 716 Neptdirindispersa
888 627 1038 692 domum:
1063 625 1217 691 Cadmeia
1229 625 1313 692 ludit

578 730 773 813 Leucothoe,
788 733 955 818 frenatque
968 729 1047 794 rosis
1060 727 1212 818 delphina
1226 728 1400 794 Palaemon.

845 834 976 898 Casan.
993 831 1041 896 X.
1056 831 1160 918 Nupt.
1178 831 1267 895 Hon.
1282 845 1316 895 et
1329 832 1415 895 Mar.
1427 833 1503 896 144.

491 1020 667 1117 Ejusdem
695 1030 750 1092 est
777 1019 1043 1115 elegantissima
1072 1018 1267 1113 Hymenaei
1300 1018 1448 1114 effigies,
1473 1043 1548 1112 quo

487 1135 580 1212 nihil
606 1135 836 1230 p'raestantius
860 1135 898 1206 in
925 1137 993 1206 boe
1014 1157 1146 1230 genere
1168 1133 1264 1216 novi,
1280 1133 1350 1205 nisi
1372 1134 1467 1205 forte
1481 1146 1548 1205 ex·

487 1253 601 1347 eipias
614 1253 771 1326 'Achillis
788 1254 867 1348 jam
887 1251 1016 1344 ephebi
1039 1250 1315 1344 pulcherrimam
1338 1249 1548 1343 descriptioss

490 1375 574 1442 'nem
592 1371 630 1440 in
647 1369 849 1441 Achilleide
870 1367 991 1440 Statii.-
1040 1367 1196 1460 Utrique
1220 1376 1265 1437 ut
1285 1365 1412 1459 opinor
1435 1365 1548 1460 pluri·

491 1509 592 1558 mum
610 1485 745 1579 profuit
761 1485 913 1577 pictura.
964 1484 1155 1556 Claudiani
1170 1493 1257 1556 sunt
1272 1486 1372 1554 haec‘:

488 1637 495 1672 ’-
580 1621 782 1710 Conspicitur
796 1620 935 1687 tandem.
981 1603 1329 1711 Platano‘namqueille
1342 1621 1403 1687 sub
1417 1619 1484 1686 alta

492 1765 499 1776 ·
559 1779 561 1784 ,
581 1721 689 1790 Fusus
701 1723 871 1812 inaequales
884 1747 956 1789 cera
970 1724 1098 1790 texebat
1110 1747 1239 1804 avenas,

487 1870 501 1906 ·.
581 1826 812 1915 Maenaliosque
828 1827 950 1906 modos,
965 1842 998 1892 et
1010 1826 1179 1914 pastoralia
1191 1826 1287 1892 labris

582 1933 754 1996 Murmura
767 1931 909 1996 tentabat
921 1929 1081 2018 relegens,¹
1090 1929 1217 2018 orisque
1231 1951 1359 1995 recursu

486 2095 493 2110 ,
548 2073 552 2078 -
581 2031 777 2100 Dissimilemv
788 2031 876 2097 tenui
890 2032 1032 2098 variabat
1045 2032 1200 2098 arundine
1215 2045 1355 2097 ventum.

582 2133 723 2217 Restitit,
740 2150 777 2201 ut
790 2132 870 2202 vidit
885 2137 1051 2215 Venerem,
1066 2133 1236 2224 digitisque
1250 2132 1385 2200 remissis

488 2228 490 2232 ’
581 2239 638 2306 Ad
654 2253 767 2306 terram
784 2239 879 2306 tacito
893 2238 1028 2304 defluxit
1041 2237 1147 2303 fistula
1160 2239 1261 2327 lapsu.

487 2343 492 2370 ²
528 2397 533 2404 .
582 2335 685 2408 Dulce
700 2343 816 2408 micant
831 2341 932 2407 oculi:
955 2342 1062 2406 niveas
1076 2337 1226 2406 infecerat
1239 2339 1306 2429 igni

488 2479 495 2490 ·
584 2442 702 2530 Solque
716 2442 886 2532 pudorque
900 2467 1015 2531 genas:
1038 2441 1169 2510 dubiam
1184 2441 1342 2532 lanuginis
1358 2441 1505 2508 umbram

488 2541 513 2592 ·'
575 2545 868 2610 'Caesadesintonsa
881 2545 969 2634 tegit.
1451 2541 1456 2549 ⁴

485 2695 492 2706 .
747 2648 879 2712 Cnseo.
896 2649 1043 2713 XXXI.
1058 2648 1170 2737 Epitb.
1186 2647 1269 2714 Pall.
1283 2662 1318 2714 et
1330 2647 1434 2722 Celer.
1447 2649 1504 2714 84.
1679 2736 1681 2749 Ι

495 2767 579 2840 Non
597 2768 714 2841 multo'
728 2765 833 2841 aliter
848 2768 1000 2844 Ovidius
1010 2767 1224 2864 'Apollinem
1241 2772 1444 2860 adumbrat,
1678 2791 1683 2900 Σ

487 2926 492 2937 ·
584 2904 644 2971 Ille
658 2920 754 2996 caput
768 2906 887 2973 flavum
901 2908 992 2975 lauro
1007 2909 1194 2975 Parnasside
1208 2909 1343 2990 vinctus,

522 3024 525 3033 '
583 3009 688 3075 Verrit
703 3010 836 3075 humum
852 3010 955 3101 Tyrio
969 3026 1111 3077 saturata
1123 3012 1243 3077 murice
1256 3012 1360 3101 pullat

583 3113 841 3202 Instructnmque
854 3115 950 3181 fidem
964 3114 1109 3202 gemmis,
1123 3129 1157 3182 et
1170 3114 1319 3183 dentibus
1328 3115 1436 3196 Indis,

583 3216 727 3283 Sustinet
738 3240 759 3281 a
772 3216 870 3283 laeva:
894 3217 997 3283 tenuit
1010 3240 1123 3284 manus
1136 3217 1235 3284 altera
1245 3218 1413 3307 plectrum.

582 3318 725 3385 Annas
739 3320 1007 3408 satusipaerm.
1157 3323 1222 3389 ov.
1239 3324 1334 3390 Mar.
1349 3299 1415 3388 Χῖ.
1430 3318 1504 3387 166.

497 3444 628 3516 Gestus
644 3446 878 3543 habitumque
895 3450 1050 3543 corporis
1066 3450 1145 3545 pari
1161 3474 1245 3524 eum
1267 3442 1456 3549 diligentia
1478 3449 1553 3522 dis·

497 3558 633 3657 tinguit
643 3561 745 3634 idern
761 3562 799 3634 in
817 3564 977 3659 Europa,

626 3756 756 3777 —-
764 3741 859 3814 pavet
873 3727 960 3794 brec:
982 3728 1136 3817 littusque
1150 3729 1254 3797 ablata
1268 3730 1412 3796 relictum

584 3823 745 3913 Respicit:
768 3840 801 3895 et
814 3828 928 3895 dextra
939 3846 1040 3895 cornu
1054 3845 1158 3908 tenet3
1182 3832 1281 3898 altera
1293 3832 1389 3897 dorso
1447 3855 1451 3861 ·

586 3927 739 4017 Imposita
753 3945 820 3999 est=
843 3933 988 4000 tremulae
1000 3933 1168 4001 unuantur
1179 3934 1306 4001 flamine
1320 3949 1433 4001 vestes.

772 4072 774 4079 ·
1246 4038 1345 4105 Mar.
1362 4039 1415 4105 11.
1430 4040 1507 4107 stt.
