3559 5575
454 163 518 231 116
830 165 953 232 PARS
976 165 1136 231 PRIMA
1280 167 1391 232 Pus.
1404 168 1512 234 VIII.

584 335 718 418 (Sabina
731 334 844 423 qualis,
859 349 917 402 aut
929 351 1059 425 perusta
1071 336 1191 402 solibus

670 439 811 504 Perniois
825 461 908 504 uxor
922 439 1064 529 Appuli)

583 542 714 604 Sacrum
729 543 861 606 vetustis
875 556 1018 607 exstnmt
1031 541 1126 629 lignis
1139 541 1247 606 focum

670 642 761 706 Lassi
777 642 837 708 sub
851 643 1025 708 adventum
1040 642 1116 707 viri:

582 741 804 831 Claudensque
818 745 913 810 textis
926 746 1065 811 cratibus
1078 744 1188 810 laetum
1203 767 1301 832 pecus

670 845 817 912 Distento
832 847 925 913 donet
938 848 1054 913 ubera:

583 949 630 1012 Et
645 947 744 1013 homa
757 949 843 1014 dulci
859 950 933 1015 vina
947 971 1094 1038 promens
1108 947 1193 1014 dolio

669 1051 778 1140 Dapes
790 1053 948 1140 inemptas
961 1065 1105 1140 apparet.
1227 1053 1334 1116 Eron.
1351 1051 1393 1116 11.
1408 1054 1463 1123 ³9.

503 1155 677 1237 Quamvis
702 1157 741 1229 in
766 1159 909 1254 singula
930 1158 1124 1230 descendat
1140 1181 1223 1252 quae
1246 1168 1332 1229 sunt
1348 1158 1507 1230 maxime

452 1272 561 1367 hujus
577 1273 664 1345 stae
686 1275 841 1368 propria,
861 1285 1039 1369 quantum
1064 1285 1186 1346 tamen
1212 1274 1250 1344 in
1275 1297 1319 1346 eo
1345 1274 1507 1345 studium

453 1388 585 1478 posuit,
610 1405 723 1462 utne
749 1390 837 1485 quid
864 1389 1035 1485 dignitati
1064 1389 1168 1473 obsit,
1193 1411 1311 1482 neque
1336 1388 1431 1460 circa
1455 1388 1508 1458 vi·

452 1504 522 1575 lem
542 1509 777 1599 patulumque
793 1508 916 1577 orbem
934 1506 1071 1578 diutius
1088 1527 1197 1600 quam
1213 1527 1280 1598 par
1302 1513 1359 1576 est
1376 1502 1507 1576 morari

453 1620 638 1692 videatur!
1458 1663 1462 1668 ι

503 1737 653 1829 Optima
678 1761 763 1810 sane
788 1747 873 1810 sunt
889 1737 1046 1834 Virgilii,
1063 1738 1193 1832 quibus
1218 1736 1288 1809 iter
1313 1737 1361 1809 ad
1385 1737 1506 1808 Evan-

453 1851 558 1924 drum
575 1856 620 1926 ab
637 1855 752 1926 AEnea
769 1866 973 1949 susceptum
990 1865 1029 1927 et
1045 1854 1234 1947 pristinam
1250 1853 1350 1924 illam
1372 1851 1507 1945 simpli·

453 1992 603 2064 oemque
620 1971 706 2044 vitae
722 1971 899 2044 rationem
915 1971 1102 2064 explicuit.
1153 1968 1256 2040 Nihil
1281 1979 1404 2040 autam
1428 1971 1504 2063 ejus

452 2087 683 2176 praestantius
699 2086 784 2159 novi
800 2086 838 2157 iu
855 2089 924 2158 hoc
935 2109 1078 2182 genere,
1090 2085 1181 2155 nihil
1193 2085 1241 2155 ad
1250 2083 1413 2156 veritatis
1424 2108 1506 2155 nor·

453 2223 549 2272 mam
576 2205 749 2286 exactius,
766 2227 875 2298 quam
899 2213 954 2274 est
973 2212 1052 2273 tota
1073 2201 1135 2272 illa
1156 2200 1195 2270 in
1216 2200 1368 2293 septimo
1384 2201 1506 2271 AEnei·

453 2317 517 2388 dos
541 2319 701 2404 historia,
726 2320 772 2388 de
797 2320 931 2410 Sylviae
957 2341 1061 2389 cervo
1086 2316 1236 2387 Ascanii
1262 2339 1371 2387 manu
1396 2316 1505 2388 inter-

451 2431 567 2503 fecto:
593 2433 652 2503 ubi
672 2444 792 2504 tamen
811 2433 863 2504 ita
879 2457 999 2505 rerum
1017 2433 1125 2504 {idem
1142 2432 1254 2504 coluit
1269 2441 1312 2504 ut
1328 2455 1503 2527 nusquam

453 2549 614 2620 discedat
630 2572 651 2618 a
667 2547 856 2643 gravitate.

502 2779 684 2864 Quamdiu
710 2790 833 2853 autem
859 2779 896 2851 in
923 2779 1091 2853 universo
1114 2804 1246 2877 genere
1262 2779 1349 2852 vitae
1374 2779 1505 2853 descri-

452 2897 569 2969 bendo
586 2921 780 2982 versamur,
797 2908 873 2969 tam
889 2899 963 2969 late
979 2906 1081 2990 potet
1098 2897 1276 2980 materies,
1293 2907 1370 2968 tam
1395 2897 1434 2968 in
1452 2898 1506 2969 di-

453 2998 571 3087 versas
597 3015 816 3111 exiguasque
841 3037 880 3085 se
903 3012 1034 3084 scindit
1052 3024 1182 3106 partes,
1199 3023 1242 3085 ut
1258 3017 1426 3106 exempla
1441 3015 1505 3085 vix

452 3133 692 3224 comparanda
716 3130 788 3202 sint
808 3129 894 3200 satis
916 3129 1124 3210 commoda;
1149 3139 1188 3201 et
1206 3130 1428 3202 manifestior
1443 3155 1505 3223 ap·

451 3246 602 3337 parebit,
614 3255 657 3315 ut
673 3245 725 3316 ita
742 3245 871 3328 dicam,
885 3253 1000 3315 status
1017 3267 1146 3328 causae,
1160 3244 1191 3315 si
1207 3244 1245 3315 in
1262 3246 1503 3341 angustiorem

453 3361 629 3431 ambitum
646 3382 702 3429 res
718 3360 946 3450 perducatur.
984 3360 1182 3433 Videamus
1198 3360 1311 3456 igitur
1327 3361 1366 3432 in
1383 3362 1506 3457 singu-

452 3478 568 3545 lorum
594 3474 763 3559 moribus,
780 3484 889 3567 atque
910 3475 955 3547 iis
977 3476 1153 3569 imprimis
1171 3477 1234 3570 qui
1251 3480 1370 3550 aetatis
1386 3480 1505 3573 cujus-

452 3613 523 3685 que
540 3599 625 3660 sunt
640 3589 786 3682 proprii,
803 3612 921 3662 annon
939 3602 1038 3663 recta
1053 3592 1190 3663 fuerint
1206 3615 1290 3686 quae
1306 3594 1352 3666 de
1368 3595 1406 3665 vi
1422 3618 1506 3687 poe-

451 3708 535 3779 ticae
551 3705 762 3777 imitationis
773 3708 852 3801 jam
869 3718 953 3779 ante
970 3707 1139 3779 diximus.

502 3822 820 3919 Elegantissimum
837 3822 928 3894 illud
944 3824 1079 3895 Catulli
1095 3847 1201 3895 nemo
1217 3826 1343 3910 nescit,

669 3950 865 4037 Torquatus,
881 3949 965 4032 volo,
980 3950 1128 4038 parvolus

670 4053 815 4118 Matrise
829 4053 950 4140 gremio
963 4076 1029 4119 suoe
