3559 5575
185 1355 192 1596 ——.——-—„

932 67 1063 172 372
1661 63 1905 126 PARS
1952 63 2331 127 TERTIA
2486 63 2716 126 Puer..
2749 62 3049 129 XXIX.

1112 235 1298 301 Illam
1328 250 1495 300 terra
1522 254 1771 321 parenS,
1804 232 1899 297 ira
1924 233 2169 297 irritata
2196 232 2509 309 Deorum,

1107 339 1502 414 Extremam,
1535 349 1610 399 ut
1637 335 1996 422 perhibent,
2030 338 2185 401 Caeo
2215 334 2672 422 Enceladoque
2701 359 2978 402 sororem

1109 437 1480 526 Progenuit,
1511 436 1785 525 pedibus
1813 437 2078 501 celerem
2109 451 2174 501 et
2202 437 2566 524 pernicibus
2594 436 2744 502 alis:

1108 544 1474 605 Monstrum
1512 539 1927 619 horrendum,
1959 539 2215 627 ingens:
2264 539 2389 619 cui,
2424 554 2585 627 quot
2614 556 2763 605 sunt
2792 564 3051 629 corpore

1194 642 1453 731 plumae,

1110 747 1245 811 Tot
1274 744 1493 832 vigiles
1519 745 1687 809 oculi
1718 745 1937 810 subter
1970 743 2285 826 (mirabile
2314 744 2521 830 dictu)

1110 850 1247 914 Tot
1274 848 1533 936 linguae,
1565 848 1828 913 totidem
1860 870 1972 911 ora
2000 860 2247 926 sonant,
2277 860 2368 911 tot
2402 847 2674 935 subrigit
2702 871 2913 914 aures.

1111 953 1319 1015 Nocte
1347 950 1519 1015 volat
1544 949 1685 1015 coeli
1716 950 1946 1028 medio,
1979 962 2292 1036 terraeque
2320 974 2435 1037 per
2468 951 2756 1016 umbram

1116 1053 1423 1131 Stridens,
1456 1077 1569 1118 nec
1598 1053 1767 1118 dulci
1799 1052 2071 1118 declinat
2097 1051 2344 1117 lumina
2371 1075 2628 1118 somno:

1105 1159 1285 1223 Luce
1315 1156 1490 1221 sedet
1518 1171 1749 1235 custos,
1780 1169 1895 1220 aut
1925 1155 2152 1219 summi
2183 1155 2457 1222 culmine
2489 1156 2658 1233 tecti,

1112 1260 1429 1326 Turribus
1456 1273 1570 1324 aut
1597 1258 1760 1337 altis,
1793 1272 1859 1322 et
1886 1280 2145 1345 magnas
2175 1258 2422 1323 territat
2454 1259 2675 1323 urbes:

1111 1363 1272 1427 Tam
1304 1363 1431 1428 ficti
1461 1362 1767 1449 pravique
1799 1374 2010 1437 tenax,
2041 1384 2234 1448 quam
2266 1361 2495 1426 nuntia
2523 1362 2673 1426 veri.

2476 1464 2636 1528 ΕΝ.
2674 1465 2790 1529 IV.
2818 1466 2964 1532 174.

938 1624 1369 1697 criticorum
1426 1648 1596 1696 sane
1651 1625 2047 1718 opprobriis
2107 1627 2303 1697 hunc
2361 1627 2599 1697 locum
2649 1625 2873 1697 fuisse
2933 1628 3057 1697 ob-

939 1742 1240 1813 noxium
1264 1741 1435 1813 satis
1461 1752 1784 1823 constat;
1818 1764 2051 1835 neque
2078 1765 2246 1813 eum
2272 1766 2557 1835 prorsus
2584 1741 2780 1813 vitiis
2814 1765 3058 1813 carere

941 1858 1272 1930 dixerim.
1375 1859 1521 1930 Sed
1559 1858 1632 1929 in
1672 1860 1830 1930 haec
1863 1860 2160 1950 posthac
2194 1858 2612 1954 diligentius
2645 1857 3056 1952 inquirendi

940 1975 1245 2048 facultas
1296 1975 1474 2047 erit:
1515 1976 1675 2071 jam
1720 1975 1803 2046 id
1848 1975 2165 2046 maxime
2199 1975 2779 2047 animadversum
2816 1974 3060 2058 velim,

940 2117 1156 2186 parce
1190 2095 1481 2164 omnino
1515 2117 1597 2163 ac
1624 2092 2026 2164 verecunde
2061 2094 2197 2162 hoc
2224 2092 2578 2163 scribendi
2600 2115 2865 2186 genere
2889 2091 3063 2163 Vir-

941 2209 1198 2305 gilium
1255 2209 1402 2290 uti;
1454 2207 1646 2302 quod
1691 2209 1984 2302 quidem
2031 2231 2127 2278 ex
2167 2206 2320 2300 ipsa
2354 2208 2456 2278 rei
2490 2217 2751 2278 natura
2785 2207 3061 2301 profec-

943 2334 1101 2396 tum
1150 2324 1478 2397 arbitror.
1582 2325 1920 2418 Namque
1956 2333 2039 2395 ut
2073 2323 2421 2394 acuminis
2455 2334 2527 2395 et
2565 2323 2871 2394 solertiae
2904 2326 3063 2395 lau-

943 2441 1108 2512 dem
1149 2441 1463 2523 affectat,
1498 2440 1603 2511 ita
1642 2466 1685 2511 a
1732 2463 2012 2511 summo
2059 2464 2348 2533 poeseos
2398 2463 2661 2534 genere
2712 2440 3064 2513 decedere

942 2558 1286 2650 paullum,
1342 2565 1416 2627 et
1468 2555 1660 2627 inter
1718 2556 2102 2628 humiliora
2159 2555 2522 2650 propriam
2579 2555 2714 2627 sibi
2771 2556 3064 2631 videtur

945 2672 1186 2744 sedem
1224 2670 1612 2742 vindicare.

1046 2791 1288 2872 Quare
1339 2789 1416 2859 id
1466 2788 1859 2882 prudenter
1908 2814 1951 2861 a
2004 2789 2339 2862 maximis
2396 2789 2858 2883 scriptoribus
2913 2788 3065 2860 fac·

947 2916 1105 2978 tum
1155 2906 1426 3001 judico,
1476 2904 1669 2998 quod
1721 2902 2004 2991 Pacem,
2050 2906 2100 2975 J
2105 2906 2450 2989 ustitiam,
2499 2905 3065 2989 Fortitudinem,

950 3022 1388 3094 Patientiam
1440 3045 1585 3093 non
1637 3019 1919 3113 copiosa
1965 3022 2286 3094 oratione
2332 3023 2662 3115 persequi
2695 3023 2948 3106 solent,
2984 3033 3066 3094 et

949 3138 1291 3232 quicquid
1340 3138 1412 3208 in
1466 3139 1725 3208 harum
1772 3160 2012 3209 rerum
2060 3149 2395 3209 naturam
2442 3137 2898 3224 conveniant,
2929 3162 3067 3209 ex-

947 3276 1189 3345 presso
1238 3253 1444 3345 quasi
1493 3253 1873 3324 simulacro
1923 3276 2303 3346 exponere.
2406 3256 2618 3337 Quod
2652 3254 2907 3326 itidem
2940 3276 3069 3324 eo-

951 3368 1115 3438 dem
1149 3368 1440 3440 consilio
1473 3368 1549 3439 in
1586 3369 1806 3465 signis
1854 3368 2293 3463 picturisque
2338 3370 2688 3443 evitatum
2726 3370 3017 3442 videtur
3046 3394 3066 3452 ;

947 3505 1181 3575 neque
1217 3496 1380 3552 utra
1406 3506 1519 3553 ars
1546 3484 1751 3555 alteri
1779 3486 1854 3554 in
1886 3486 2018 3556 hac
2044 3509 2122 3555 re
2150 3485 2341 3557 viam
2368 3484 3070 3568 commonstraverit,

951 3597 1122 3671 satis
1167 3609 1613 3689 compertum
1664 3602 2031 3672 habemus.
2138 3600 2576 3696 HuJusmodi
2609 3612 2720 3674 est
2752 3601 3070 3696 simplex

949 3716 1130 3789 illud
1165 3715 1481 3798 Tibulli;

1039 3858 1138 3920 At
1165 3854 1344 3918 nobis
1372 3855 1511 3919 Pax
1538 3853 1703 3918 alma
1732 3854 1899 3930 veni,
1932 3854 2296 3941 spicamque
2324 3871 2556 3934 tenet0,

1127 3956 1412 4021 Perfluat
1431 3971 1496 4022 et
1518 3956 1720 4043 pomis
1740 3955 2049 4021 candidus
2071 3971 2216 4022 ante
2239 3957 2433 4022 sinuS.
2508 3960 2666 4024 Tm.
2690 3959 2752 4021 Ι.
2773 3959 2882 4037 10,
2906 3959 3024 4024 70.
