3559 5575
881 543 1003 610 PARS
1025 543 1187 610 PRIMA
1378 545 1495 610 Pan.
1511 547 1580 610 1v.

600 717 699 780 [treva
710 713 817 780 oolam
831 713 919 778 molli
932 713 1005 779 lana
1018 713 1175 779 retinebat
1187 712 1354 780 amictam:

601 819 742 884 Dextera
756 831 823 882 tum
839 816 950 882 leviter
962 816 1123 882 deducens
1136 817 1192 882 fila
1205 815 1327 906 arpinis

600 919 772 984 Formabat
786 917 905 1004 digitis,
920 931 988 982 tum
1003 941 1106 1006 prono
1119 917 1153 982 in
1168 918 1280 1007 pollice
1295 932 1447 1006 torquens

599 1021 769 1086 Libratum
786 1019 876 1084 tereti
894 1021 1038 1084 versabat
1053 1021 1181 1086 turbine
1195 1021 1321 1085 fusum:

599 1127 706 1210 Atque
719 1123 764 1188 ita
778 1123 948 1210 decerpens
962 1123 1110 1209 oequabat
1124 1146 1248 1211 semper
1262 1147 1343 1210 opus
1357 1123 1448 1202 dens,

599 1229 772 1313 Laneaque
786 1223 917 1290 aridulis
930 1224 1094 1289 haerebant
1107 1248 1211 1290 morsa
1226 1224 1357 1305 labellis,

602 1331 681 1408 Quae
696 1328 785 1416 prius
799 1328 831 1390 in
847 1325 910 1392 leni
924 1328 1051 1392 fuerant
1065 1328 1206 1392 extantia
1220 1326 1285 1406 filo,

600 1435 688 1496 Ante
702 1431 798 1520 pedes
811 1443 918 1495 autem
933 1429 1095 1495 candentis
1110 1429 1217 1494 mollia
1230 1429 1312 1494 lanae

601 1534 725 1601 Vellera
739 1534 851 1622 virgati
866 1531 1067 1598 custodibant
1081 1532 1249 1597 calathisci.

817 1639 973 1702 Carum.
989 1635 1030 1700 de
1046 1638 1147 1723 Nupt.
1164 1635 1234 1700 Pel.
1250 1649 1282 1699 et
1298 1635 1398 1700 Thet.
1413 1634 1434 1698 l.
1451 1639 1527 1701 ala

514 1741 617 1814 Nihil
633 1746 701 1814 hac
718 1742 833 1837 effigie
849 1741 927 1812 fieri
950 1750 1014 1811 aut
1030 1740 1120 1835 tingi
1141 1749 1260 1834 potest
1275 1739 1429 1811 fidelius.
1479 1741 1575 1810 For-

514 1883 612 1930 mam
637 1859 763 1950 opcris,
781 1857 916 1949 opificis
942 1856 1210 1949 supellectilem,
1228 1856 1417 1950 utriusque
1441 1879 1573 1928 manus

515 1986 552 2047 et
575 1975 768 2070 digitorum
797 1983 927 2057 motus,
949 1974 1109 2044 calathos
1139 1983 1224 2044 ante
1254 1973 1363 2065 pedes
1393 1975 1478 2044 lana
1507 1998 1574 2044 ex-

515 2101 680 2172 structos,
706 2089 826 2161 omnia
852 2089 899 2160 ad
921 2112 1046 2160 verum
1072 2090 1159 2160 vitae
1186 2091 1373 2182 exemplar
1401 2113 1573 2183 expressa

516 2189 705 2279 cernimus.
748 2207 802 2277 At
813 2206 940 2301 jejuna
957 2205 1189 2277 nihilominus
1206 2216 1262 2277 est
1279 2215 1359 2278 tota
1374 2229 1442 2288 res,
1459 2215 1497 2277 et
1511 2209 1570 2278 cui

516 2323 579 2394 vix
597 2323 715 2394 aditus
731 2322 769 2395 in
788 2333 946 2394 mentem
962 2332 1076 2415 patet,
1093 2322 1163 2393 nisi
1186 2346 1234 2394 cx
1257 2333 1471 2418 argumento
1494 2347 1572 2395 car·

516 2440 623 2511 minis
647 2448 841 2531 repetatur,
868 2439 1020 2511 Parcam
1048 2438 1107 2509 hic
1136 2462 1208 2510 non
1234 2440 1422 2511 mulierem
1444 2440 1571 2510 adum-

514 2557 622 2641 brari,
655 2555 807 2628 Achillis
845 2565 965 2627 ortum
999 2555 1147 2626 fatidico
1181 2580 1242 2627 ore
1274 2566 1569 2627 monstraturam.

514 2674 698 2756 Quantam
715 2698 799 2745 vero
823 2673 939 2745 eidem
962 2671 1125 2768 imagini,
1141 2672 1281 2768 vulgari
1300 2672 1396 2755 licet,
1414 2672 1570 2744 offundit

514 2789 668 2881 gratiam
684 2789 870 2883 Virgilius,
891 2789 1041 2884 adjectis
1067 2789 1173 2861 modo
1197 2788 1321 2882 paucis
1347 2810 1428 2882 quae
1452 2788 1492 2858 in
1518 2788 1570 2857 af-

514 2900 630 2973 fectus
646 2903 777 2973 blando
793 2912 967 2997 gratoque
983 2903 1133 2975 introitu
1151 2904 1367 2975 illabuntur!

776 3016 858 3079 Cum
872 3014 1013 3094 t'oemina,
1028 3015 1167 3103 primum

603 3116 665 3180 Cui
682 3114 813 3180 tolerare
827 3116 897 3181 colo
910 3116 1005 3181 vitam
1020 3118 1172 3205 tenuique
1187 3118 1347 3197 Minerva,

604 3218 793 3305 Impositum
809 3218 943 3284 cinerem
959 3235 991 3285 et
1005 3220 1123 3307 sopitos
1138 3221 1267 3286 suscitat
1280 3220 1380 3308 ignea,

604 3320 735 3385 Noctem
750 3320 869 3385 addens
884 3322 982 3408 operi,
997 3322 1195 3410 famulasque
1209 3322 1251 3387 ad
1264 3322 1387 3387 lumina
1400 3321 1497 3410 longo

602 3424 736 3489 Exercet
751 3448 867 3512 penso;
891 3438 1013 3490 castum
1026 3440 1064 3491 ut
1078 3448 1202 3491 servare
1216 3425 1320 3491 cubile

602 3528 767 3617 Conjugis,
784 3544 816 3594 et
830 3528 929 3618 possit
943 3551 1057 3617 parvos
1070 3527 1204 3593 educere
1218 3544 1320 3593 natos.

1246 3632 1326 3695 ΕΝ.
1344 3630 1434 3694 Vlll.
1450 3631 1522 3693 408.

516 3733 694 3825 Pluribus,
719 3747 762 3807 ut
785 3736 922 3827 opinor,
944 3736 1007 3806 vix
1032 3760 1121 3829 opus
1150 3736 1220 3808 erit
1245 3759 1317 3829 quo
1347 3734 1438 3805 illud
1466 3735 1566 3828 quasi

515 3848 730 3941 principium
750 3849 988 3922 institutionis
1009 3863 1143 3923 nostrae
1165 3861 1286 3923 ratum
1306 3852 1392 3931 fiat3
1416 3850 1487 3921 nisi
1511 3874 1567 3923 res

515 3964 592 4057 ipsa
609 3988 717 4059 quam
734 3965 925 4036 imitantur
938 3965 1062 4037 Poetae
1077 3978 1143 4038 aut
1158 3967 1196 4037 in
1214 3990 1253 4038 se
1268 3968 1419 4061 pulchra
1435 3966 1494 4050 sit,
1504 3978 1566 4040 aut

515 4076 610 4168 ἠθικὸν
625 4082 770 4175 aliquod
787 4083 824 4153 in
843 4106 880 4155 se
899 4084 1039 4165 babeat,
1055 4085 1225 4177 exiguam
1243 4108 1328 4156 sane
1345 4085 1565 4176 voluptatem

514 4218 562 4267 ex
579 4194 812 4269 similitudine
829 4196 940 4268 etiam
958 4198 1116 4289 perfecta
1132 4198 1253 4271 fluere.
1305 4199 1413 4282 Quod
1435 4198 1466 4267 si
1488 4198 1565 4291 quis

513 4314 618 4407 plura
635 4312 732 4398 velit,
750 4327 937 4407 poetarum
954 4316 1050 4386 locos
1067 4314 1175 4386 adeat
1190 4315 1254 4408 qui
1270 4315 1308 4385 in
1326 4312 1479 4385 materia
1503 4316 1565 4384 hu·

514 4430 590 4502 mili
605 4441 802 4514 versantur,
816 4430 922 4503 sicuti
938 4443 1024 4504 sunt
1035 4428 1088 4503 ssli
1105 4431 1361 4527 Georgicorum
1379 4430 1426 4502 de
1441 4429 1563 4503 Aratri
