3559 5575
914 71 1050 140 342
1153 120 1164 126 -
1573 68 1819 135 PARS
1865 64 2311 135 SECUNDA
2459 67 2690 131 Pam..
2723 59 3045 132 xxvn‘.

914 241 1094 319 —ld
1142 269 1313 318 saue
1362 267 1491 316 nos
1535 267 1621 315 eo
1666 236 2007 315 fidentius
2053 265 2272 337 quam
2304 250 2585 313 veteres
2624 240 2919 325 facturi,
2953 253 3049 314 ut

915 364 1174 458 quibus
1215 361 1598 454 multiplex
1641 360 1988 431 librorum
2034 359 2240 453 copia
2286 357 2678 430 illustrium
2708 359 3043 431 virorum

913 481 1108 551 facta
1141 481 1233 550 ab
1265 477 1566 549 interitu
1601 477 1776 549 satis
1810 476 2226 548 vindicabit.
2296 477 2541 558 Quare
2573 485 2649 546 et
2683 497 3046 546 memora-

914 591 1056 667 bile
1084 593 1271 666 ‘illud
1304 593 1834 686 Thermopylis,
1871 616 2087 686 super
2119 591 2692 665 Lacedaemoniis
2735 591 3045 684 inscrip-

915 722 1098 794 tum,
1124 710 1304 782 mihi
1339 732 1621 801 semper
1654 709 2026 804 egregium
2060 708 2138 779 in
2174 711 2308 780 hoc
2340 731 2603 803 genere
2629 707 2868 778 visum
2900 718 3039 779 oet.

914 827 1143 898 Missa
1173 821 1370 901 enim
1417 825 1784 896 mentione
1828 825 2026 897 omui
2073 824 2166 896 de
2216 846 2516 896 numero
2564 823 2910 906 hostium,
2942 822 3042 893 de

915 960 1183 1036 pugnae
1234 963 1320 1014 ac
1368 938 1509 1012 loci
1551 952 1835 1025 natura,
1871 940 2215 1035 quicquid
2262 940 2358 1011 ad
2400 937 2905 1012 fortitudinem
2948 956 3043 1008 ac

914 1057 1263 1150 pietatem
1317 1048 1762 1128 mortuorum
1824 1058 2214 1150 spectabat,
2266 1056 2611 1151 quicquid
2665 1055 2763 1127 ad
2814 1055 3040 1126 decus

914 1192 1000 1244 ac
1045 1174 1358 1244 solamen
1395 1172 1819 1255 viventium,
1852 1171 1932 1242 id
1974 1195 2187 1243 omne
2232 1163 2690 1265 complexum
2736 1179 2849 1242 est
2882 1183 3040 1241 car-

919 1311 1110 1372 men,
1143 1289 1350 1384 gravi
1381 1288 1734 1381 imprimis
1766 1297 1843 1359 et
1875 1311 2123 1360 severo
2156 1311 2484 1360 sermone
2516 1287 2912 1360 conditum.

1082 1414 1174 1479 Ὧ
1201 1420 1350 1496 ξεῖν’,
1380 1417 1698 1503 ἀγγέλλειν
1727 1415 2183 1501 Λακεδαιμονίοις
2212 1415 2292 1481 ὅτι
2323 1417 2450 1502 τῇδε

1180 1517 1454 1600 Κείμεθα,
1486 1523 1598 1593 τοῖς
1627 1517 1815 1582 κείνων
1843 1518 2055 1602 ῥήμασι
2085 1519 2398 1601 πειθόμενοι.

2293 1620 2571 1687 Hunon.
2602 1617 2761 1682 VII.
2794 1619 2943 1684 228.

923 1738 1181 1834 Neque
1215 1740 1395 1811 illud
1430 1741 1694 1813 affectu
1730 1750 1930 1812 caret
1963 1741 2157 1834 quod
2189 1741 2266 1811 in
2295 1764 2471 1811 voce
2501 1738 2833 1834 ἀγγέλλειν
2865 1761 3041 1813 con.

921 1854 1235 1938 tinetur;
1274 1856 1464 1927 unde
1499 1857 1673 1928 facti
1706 1857 1931 1950 ipsius
1966 1881 2211 1928 recens
2237 1858 2418 1928 adeo
2443 1857 2634 1927 subit
2657 1856 2923 1951 imago,
2947 1865 3040 1928 ut

919 1971 1012 2044 ad
1049 1971 1390 2064 temporis
1424 1971 1603 2042 illud
1640 1984 2087 2044 momentum
2123 1973 2381 2044 animis
2407 1972 2867 2065 abripiamur,
2889 1994 3040 2066 quo

919 2098 1071 2158 tam
1107 2087 1434 2180 praeclari
1470 2087 1804 2158 facinoris
1839 2088 2137 2159 nuntius
2171 2090 2506 2181 Spartam
2541 2089 2974 2182 pervenerit.

1021 2205 1189 2276 Hoc
1233 2205 1554 2297 profecto
1606 2204 1739 2276 sibi
1791 2205 2236 2297 praecipuum
2294 2228 2555 2276 munus
2608 2205 3038 2278 existiment

917 2321 1133 2390 velim
1181 2321 1738 2412 Epitaphiorum
1789 2321 2189 2414 scriptores»,
2232 2331 2317 2392 ut
2350 2321 2714 2392 luxuriam
2761 2322 3037 2417 ingenii

917 2445 1394 2527 compescant,
1421 2447 1496 2508 et
1521 2459 1746 2507 unum
1785 2438 2147 2531 quoddam
2181 2439 2478 2530 pulchre
2511 2439 2750 2510 dicere
2773 2440 3036 2511 malint

917 2573 1136 2645 quam
1179 2553 1408 2622 multa
1453 2552 1739 2625 diserte.
1841 2555 2055 2636 Quod
2093 2577 2256 2626 cum
2289 2554 2367 2625 in
2403 2555 2737 2626 universo
2765 2575 3038 2650 ‘genere

918 2667 1439 2739 observandum
1481 2691 1757 2752 censeo,
1792 2679 1953 2741 tum
2005 2670 2448 2766 singularum
2500 2672 2787 2764 propria
2834 2693 3037 2764 qnae-

919 2784 1088 2856 dam
1129 2794 1298 2856 sunt
1333 2784 1643 2878 partium
1687 2799 2074 2880 praecepta,
2107 2809 2275 2882 quae
2313 2791 2472 2884 jam
2519 2788 2828 2860 strictim
2874 2809 3040 2881 per-

921 2901 1222 2974 currisse
1246 2901 1429 2974 'satis
1463 2912 1636 2974 esto.

1021 3018 1169 3089 Res
1203 3018 1428 3113 igitur
1453 3028 1609 3091 tota
1634 3018 1924 3089 videtur
1944 3018 2040 3089 ad
2076 3018 2219 3089 tria
2250 3019 2477 3091 ferme
2511 3020 2752 3113 capita
2780 3021 3038 3095 referri

918 3157 1143 3225 posse.
1248 3134 1584 3228 Namque
1624 3144 1752 3206 aut
1787 3131 1943 3204 vita
1986 3130 2328 3230 defuncti
2376 3157 2616 3206 mores
2663 3155 3041 3232 caponem?

917 3248 1076 3318 vult
1111 3249 1434 3340 scriptor,
1469 3261 1597 3321 aut
1629 3272 1765 3321 suo
1798 3245 2041 3320 dolori
2072 3258 2150 3321 et
2191 3247 2566 3323 desiderio
2604 3248 3037 3346 indulgere,

918 3372 1046 3432 aut
1086 3361 1524 3433 sententiam
1575 3366 1910 3458 denique
1937 3365 2253 3458 aliquam
2299 3390 2343 3436 a
2388 3376 2712 3459 tempore
2757 3376 2831 3442 et
2876 3369 3038 3439 loco

914 3499 1060 3547 non
1097 3478 1403 3548 alienam
1440 3480 1712 3565 efferre,
1751 3504 1917 3574 quae
1949 3481 2026 3552 in
2064 3505 2519 3554 communem
2548 3483 2850 3555 fortasse
2889 3484 3041 3555 uti·-

917 3590 1196 3663 litatem
1234 3593 1466 3664 cedat.

1017 3708 1235 3791 Quod
1269 3732 1436 3780 vero
1471 3710 1563 3780 ad
1597 3706 1871 3783 Mores
1910 3712 2197 3796 attinet,
2233 3714 2632 3784 cavendum
2677 3707 3039 3806 imprimis

916 3836 1050 3909 est,
1083 3849 1177 3898 ne
1210 3826 1378 3897 laxa
1412 3826 1705 3898 omnino
1739 3838 1814 3899 et
1849 3829 2247 3900 communis
2291 3828 2384 3900 sit
2419 3830 2824 3922 descriptio,
2858 3847 3039 3923 qua·-

915 3946 1001 4018 lis
1035 3950 1426 4021 multorum
1469 3947 1774 4027 millium
1822 3972 1974 4021 esse
2020 3950 2287 4042 possit;
2340 3950 2679 4044 quoniam
2730 3949 3037 4021 affectus
