3559 5575
589 671 858 734 NOBILISSIMO
878 674 980 734 VIRO

444 943 702 1029 BARONI
739 944 1131 1030 GRENVILLE

304 1242 578 1308 ACADEMIAE
603 1243 895 1310 OXONIENSIS
917 1245 1262 1312 CANCELLARIO

712 1526 748 1597 S.
760 1525 802 1596 P.
812 1525 859 1597 D.

471 1810 753 1884 EDVARDUS
778 1809 1093 1882 COPLESTON.

373 2079 521 2200 NON
540 2145 589 2199 eo
610 2115 746 2199 solum
766 2117 945 2212 nomine,
964 2114 1079 2224 quod
1096 2114 1211 2224 apud
1236 2142 1312 2197 nos

259 2262 541 2372 principatum
553 2275 681 2359 tenes,
693 2261 784 2343 Vm
799 2260 1109 2356 Nommssmn,
1120 2258 1312 2342 libellum

260 2405 376 2488 hunc
400 2403 546 2486 tutelae
570 2431 620 2524 ac
640 2405 833 2513 praesidio
861 2416 937 2484 tuo
960 2405 1224 2486 commissum
1243 2433 1314 2486 vo-

260 2549 335 2632 lui.
396 2547 510 2638 Quin
530 2545 706 2629 feliciter
725 2547 771 2629 id
795 2548 936 2655 potius
958 2547 1063 2629 mihi
1092 2550 1313 2659 contigisse

260 2695 448 2791 arbitror,
468 2705 518 2774 ut
536 2720 663 2803 quem
689 2693 868 2774 maxime
895 2689 1084 2774 omnium
1109 2694 1148 2775 ei
1174 2706 1313 2804 patro-

262 2865 365 2919 num
383 2850 581 2948 optarem,
601 2839 634 2919 si
655 2838 785 2920 nostri
805 2839 976 2920 omnino
995 2866 1060 2920 res
1079 2850 1189 2921 esset
1206 2839 1314 2920 arbi-

261 2983 342 3079 trii,
361 2982 416 3063 ad
440 2980 562 3063 illum
585 2986 685 3093 jam,
708 3010 794 3064 non
820 2981 1099 3091 impudenter,
1118 2982 1191 3065 sed
1213 2986 1312 3094 jure

260 3127 442 3235 quodam
454 3126 702 3209 Academico
713 3126 927 3208 accessisse
937 3126 1089 3209 videar.
1104 3125 1311 3236 Namque,

260 3282 311 3350 ut
336 3282 494 3352 taceam
522 3297 635 3350 nunc
658 3269 834 3349 virtutes
861 3280 956 3349 tuas
984 3268 1195 3376 plurimas,
1215 3297 1311 3379 quae

260 3416 305 3495 in
324 3442 487 3495 summa
506 3440 646 3495 rerum
665 3410 919 3493 moderanda
937 3412 1193 3510 enituerunt,
1212 3440 1311 3523 pru-

259 3558 457 3653 dentiam,
485 3556 623 3652 fidem,
652 3557 928 3638 constantiam
956 3557 1237 3667 singularem
1266 3570 1311 3640 at

258 3700 459 3783 memoria
495 3702 700 3796 tenebam,
732 3726 865 3808 quum
897 3698 1013 3781 haud
1046 3701 1105 3783 ita
1136 3701 1311 3811 pridem,

259 3870 367 3925 nova
395 3843 529 3925 indies
555 3854 766 3952 grassante
799 3854 1037 3952 temporum
1067 3843 1238 3942 insania,
1267 3861 1313 3934 ct

260 3985 355 4070 Rex
374 3999 417 4069 et
436 3988 612 4069 Senatus
632 3998 675 4069 et
694 3985 880 4069 Ecclesia
900 3987 988 4096 pari
1008 3987 1052 4068 in
1072 3989 1318 4097 discrimine

261 4142 532 4228 versarentur,
552 4159 695 4239 quum,
714 4131 976 4213 acerbissimo
1001 4160 1075 4240 per
1101 4132 1334 4273 EUPOpam
