3559 5575
462 75 528 139 454
825 67 947 134 PARS
970 67 1161 134 TERTIA
1231 66 1345 131 Pani.
1363 65 1517 134 XXXV.

550 241 662 320 Qualia
675 241 781 306 adhuc
795 254 918 306 teneros
933 261 1117 326 supremum
1131 237 1251 325 pallida
1264 237 1363 303 t'oetua

553 345 661 408 Mater
674 343 716 407 ab
730 341 853 408 excelso
865 341 1021 429 produxit
1035 340 1067 404 in
1082 361 1156 404 aera
1169 338 1255 420 nido,

553 447 778 530 Hortaturque
792 443 895 530 aequi,
911 440 1125 528 brevibusque
1139 441 1302 529 insurgere
1316 441 1448 530 pennis:

553 545 631 610 lllos
644 544 770 610 coerulei
784 545 907 634 primus
921 543 996 608 ferit
1009 544 1122 607 horror
1137 542 1288 632 Olympi;

551 647 689 734 Jamque
703 645 805 710 redire
819 659 945 733 rogant,
961 644 1157 731 adsuetaque
1171 643 1327 731 quaeritur
1340 644 1451 710 arbor:

553 749 656 814 Haud
668 749 760 815 aliter
773 773 865 814 coecoe
877 770 935 836 per
950 747 1066 811 moenia
1079 747 1186 812 deficit
1199 746 1288 810 urbis

552 849 719 929 Incedens,
734 849 907 937 horretque
921 847 1032 913 domos
1047 847 1166 912 Medea
1179 845 1312 912 silentes

1154 953 1294 1016 Annon.
1310 951 1390 1014 vll.
1406 951 1481 1017 375.

467 1057 649 1152 Quicquid
671 1057 757 1128 huic
776 1055 1035 1149 comparationi
1056 1053 1173 1127 laudis
1195 1056 1357 1128 dandum
1383 1075 1526 1126 censea-

467 1199 560 1258 mus,
577 1183 620 1246 ut
636 1197 719 1268 quae
735 1197 812 1244 rem
828 1183 1016 1244 venustam
1041 1193 1183 1243 summa
1204 1172 1275 1243 fide
1298 1169 1525 1264 expremit,

467 1289 532 1360 vix
543 1289 694 1361 dubium
708 1291 833 1377 habeo,
845 1288 933 1383 quin
942 1290 1019 1382 jam
1034 1287 1212 1382 plerisque
1224 1287 1287 1382 qui
1301 1310 1358 1358 me
1372 1285 1525 1357 audiunt

468 1405 629 1491 subierit,
646 1405 821 1496 potiorem
840 1405 954 1475 multo
971 1426 1047 1474 esse
1059 1401 1200 1497 Angli·
1213 1411 1331 1496 poetae
1342 1401 1381 1472 in
1398 1401 1525 1473 eadem
1662 1481 1663 1488 ἵ

467 1542 507 1590 re
523 1520 653 1601 locum,
667 1529 856 1610 propterea
867 1517 966 1610 quod
982 1541 1039 1589 res
1056 1518 1124 1588 sibi
1138 1518 1293 1590 invicem
1310 1527 1526 1610 comparate
1663 1538 1664 1566 ν

468 1629 665 1726 analogice
692 1633 805 1728 magis
832 1633 929 1704 inter
953 1656 991 1704 se
1017 1634 1113 1705 coine
1136 1634 1282 1706 lecerit:
1308 1633 1442 1728 quippe
1464 1631 1526 1704 ubi
1664 1646 1665 1658 ¹

469 1748 655 1842 sapientiae
678 1747 811 1820 divinae
834 1749 1040 1819 ministrum
1065 1750 1216 1843 scriptor
1238 1751 1351 1842 ponit,
1368 1749 1527 1821 suaviter

469 1888 552 1937 suos
577 1874 752 1936 maternae
778 1863 854 1934 avis
879 1863 954 1936 ritu
980 1857 1197 1953 trahentem,
1219 1865 1420 1959 praeceptis,
1446 1867 1527 1937 hor·

470 1990 564 2066 tatu,
586 1981 752 2072 exemplo
777 1979 888 2051 etiam
915 1981 1001 2070 (non
1029 1979 1123 2052 sicut
1147 1980 1326 2052 Venerem
1353 1981 1461 2052 istam
1487 1979 1526 2050 in

470 2097 680 2190 perniciem)
697 2095 760 2166 sed
777 2095 824 2166 ad
841 2095 922 2166 coeli
938 2105 977 2167 et
994 2098 1118 2168 salutis
1136 2095 1232 2168 viam
1249 2097 1514 2190 capessendam.

522 2211 651 2306 Magni
684 2210 844 2303 profecto
877 2221 964 2282 sunt
992 2211 1099 2304 pretii
1134 2211 1333 2304 complures
1363 2221 1527 2283 veterum

471 2338 658 2420 poetarum
682 2326 977 2418 comparationes,
993 2349 1076 2419 quae
1099 2327 1145 2398 ab
1164 2327 1303 2420 optimo
1318 2327 1381 2400 illo
1396 2349 1528 2423 genere

471 2443 697 2536 aliquantum
722 2443 917 2524 meduno
943 2442 1007 2514 ubi
1029 2442 1164 2514 scilicet
1189 2467 1245 2514 res
1270 2455 1447 2537 conceptu
1468 2447 1529 2540 ju-

471 2556 590 2628 cunda
606 2568 643 2627 et
660 2580 803 2629 summa
818 2567 898 2630 arte
915 2559 1066 2630 conficta
1083 2559 1314 2652 proponitur:
1344 2560 1450 2632 facile
1474 2571 1529 2632 ta·

473 2693 555 2744 men
569 2672 627 2744 vel
642 2671 679 2742 in
697 2672 753 2742 his
769 2671 924 2767 intelligi
942 2683 1071 2766 potest,
1085 2685 1220 2769 quanta
1237 2690 1390 2747 servatae
1405 2676 1529 2747 futura

473 2802 567 2862 esset
583 2789 759 2884 analogiae
771 2786 899 2862 virtus.
934 2789 994 2861 Sic
1006 2790 1174 2884 Ulyssem
1191 2802 1300 2865 noctu
1317 2793 1420 2864 arida
1434 2792 1530 2865 inter

474 2904 559 2976 folia
575 2907 797 2992 obvolutum,
814 2906 980 2980 scintillae
1004 2920 1189 3001 comparat
1210 2908 1329 2980 medio
1348 2908 1387 2979 in
1410 2908 1530 2981 cinere

475 3024 643 3114 sepultoe;
669 3022 732 3094 ubi
748 3022 902 3115 simplex
918 3026 1014 3095 valet
1031 3034 1128 3097 certe
1145 3024 1353 3109 similitudo,
1365 3026 1531 3122 analogia

476 3138 586 3209 abest.
638 3138 807 3209 Eundem
840 3139 954 3211 ferme
988 3140 1035 3209 ad
1068 3140 1216 3211 modum
1246 3141 1529 3237 Agamemnonis

476 3255 643 3349 gemitus,
660 3250 784 3326 crebri
785 3251 971 3350 fulguris
987 3253 1111 3327 instar
1126 3256 1251 3329 iterari
1268 3258 1398 3353 inquit.

562 3369 616 3441 Ὡς
631 3370 653 3429 δ’
669 3366 709 3429 ὅτ’
722 3366 756 3432 ἂν
771 3369 921 3456 ἀστράπτῃ
935 3368 1014 3443 πόσις
1023 3367 1116 3457 Ἥρης
1131 3370 1260 3452 ἠῦκόμσνο

419 3560 423 3565 Ι
561 3468 681 3552 Τεῦχων
694 3468 710 3545 ἦ
723 3472 809 3533 πολὺν
822 3468 927 3555 ὄμβρον
940 3470 1106 3553 ἀθέσφατον,
1120 3474 1149 3550 ἠὲ
1163 3472 1314 3559 χάλαζαν,

558 3567 603 3633 Ἢ
618 3567 733 3647 ulons,
749 3569 793 3633 lte
807 3570 860 3658 τίς
874 3598 905 3634 σε
917 3573 992 3657 χιῶν
1006 3572 1140 3637 lanimem
1152 3574 1327 3659 ἀρούρας,-

556 3741 615 3818 Ὣς
628 3741 716 3806 πυκίν’
732 3744 759 3805 ἐν
773 3742 920 3821 στήθεσσιν
935 3746 1131 3831 ἀννσσννᾶχνξ
1146 3746 1335 3833 Ἀγαμέμνων

564 3844 675 3908 Νννὸθεν
690 3847 721 3909 ἐν
736 3844 856 3931 κραδίης.
1325 3850 1378 3913 It.
1397 3854 1436 3914 Κ.
1451 3852 1484 3914 5.
1512 3892 1515 3901 2

731 3964 932 4024 *Goldsmitn
956 3966 1122 4025 “Deserted
1137 3966 1275 4047 Village.”

348 4976 1674 5515 -
