3559 5575
507 557 549 619 44
870 549 992 613 PARS
1015 548 1176 612 PRIMA
1373 549 1491 614 Pras.
1507 550 1565 614 1v.

503 730 550 802 ab
567 730 634 799 hac
651 735 754 818 parte
771 722 971 806 detraham,
988 745 1071 815 quae
1089 721 1195 793 modo
1212 721 1319 792 docte
1338 735 1566 810 exerceatur,

503 843 700 916 maximam
718 841 827 911 habet
843 838 881 908 in
899 861 937 909 se
955 849 1193 909 venustatem.
1236 836 1336 920 Quin
1353 837 1406 909 ita
1423 839 1471 910 de
1488 851 1567 912 tota

503 984 543 1032 re
569 957 802 1030 statuendum
825 955 971 1050 judico:
1003 954 1167 1058 quamvis
1194 953 1294 1024 vivas
1323 979 1446 1026 rerum
1476 956 1568 1027 ima-

503 1076 606 1172 gines
631 1072 813 1155 exhibere,
834 1081 872 1144 et
893 1071 996 1165 quasi
1018 1072 1176 1163 picturas
1199 1071 1245 1141 ob
1269 1073 1389 1143 oculos
1414 1073 1569 1143 audien-

503 1193 597 1264 tium
614 1212 746 1283 ponere
763 1188 811 1258 sit
823 1189 995 1281 cujusque
1010 1187 1133 1257 Poetae
1145 1185 1290 1278 propria
1306 1210 1349 1257 ac
1365 1187 1569 1258 necessaria

504 1307 676 1388 facultas;
694 1316 815 1376 tamen
829 1303 958 1374 altiora
974 1302 1140 1396 quaedam
1159 1312 1328 1394 appetere
1342 1325 1462 1373 veram
1481 1327 1567 1395 poe-

505 1421 585 1508 sim,
602 1421 732 1516 quibus
755 1421 834 1492 haec
854 1442 936 1512 pars
957 1416 1084 1512 subjici
1102 1430 1140 1488 et
1157 1416 1330 1488 inservire
1347 1418 1476 1498 debet;
1502 1441 1566 1489 ue-

506 1537 629 1630 quein
648 1534 865 1608 carminibus
882 1544 958 1605 tam
976 1531 1132 1604 dominae
1150 1531 1403 1603 auctoritatem
1425 1555 1504 1624 prae
1525 1557 1565 1603 sc

504 1650 745 1746 famaquam
779 1649 921 1723 comitis
949 1658 1014 1720 aut
1042 1648 1265 1741 pedissequae
1292 1670 1424 1718 munus
1453 1648 1564 1720 obire.

504 1765 700 1839 Dormiunt
716 1767 812 1837 enim
831 1776 928 1837 certe
945 1765 1107 1847 affectus,
1120 1774 1240 1856 torpet
1257 1762 1479 1857 imaginatio,
1493 1765 1565 1834 nisi

504 1881 676 1953 distincta
700 1881 865 1975 quoedam
891 1880 975 1961 sint,
995 1891 1033 1952 et
1056 1881 1104 1951 ad
1126 1878 1400 1950 similitudinem
1423 1893 1565 1952 naturae

504 1997 670 2068 colorata.
724 1997 874 2079 Rursus,
892 1995 923 2066 si
945 1995 1037 2066 nihil
1059 1997 1190 2067 habeat
1210 2018 1317 2066 scena
1339 1995 1377 2065 in
1401 2020 1439 2067 se
1464 1997 1564 2090 quod

505 2122 663 2195 moveat,
680 2111 768 2184 nihil
786 2112 883 2205 quod
901 2111 948 2182 ad
964 2111 1122 2182 fabulam
1140 2111 1239 2194 facit,
1257 2111 1347 2182 nihil
1370 2135 1442 2205 quo
1466 2115 1564 2184 calor

505 2237 570 2302 aut
587 2237 696 2298 aestus
719 2225 856 2322 ingenii
877 2226 1103 2314 incendatur,
1120 2225 1292 2322 languida
1314 2227 1483 2319 quaedam
1506 2251 1563 2300 res

505 2327 616 2416 estet
633 2339 789 2434 puerilis,
806 2339 892 2413 licet
908 2340 1043 2432 optimc
1061 2341 1108 2412 sit
1124 2341 1287 2433 depicta;
1305 2351 1343 2412 et
1355 2341 1564 2436 hujusmodi

505 2457 638 2532 artifex
651 2479 722 2528 non
741 2456 821 2528 dico
837 2465 1024 2548 poctarum
1043 2455 1127 2526 sede
1144 2457 1279 2538 exulet,
1291 2456 1355 2526 sed
1370 2456 1467 2528 inter
1480 2481 1563 2550 poe-

505 2585 562 2648 tas
578 2573 689 2647 imam
706 2582 840 2646 teneat.

494 2755 496 2760 ,
557 2691 701 2764 Interea
717 2688 805 2783 quid
822 2689 859 2758 in
878 2691 945 2760 hoc
965 2710 1096 2782 genere
1119 2686 1166 2757 sit
1184 2684 1342 2757 Poeticae
1365 2688 1562 2781 proprium,

506 2806 594 2899 quid
618 2805 777 2877 maxime
799 2803 1043 2896 expetendum
1066 2813 1129 2875 aut
1151 2802 1364 2900 fugiendum
1385 2828 1457 2898 quo
1482 2829 1563 2897 per-

505 2918 633 2992 fectior
649 2920 712 2992 liat
728 2918 895 3001 imitatio,
913 2918 1125 2991 videbimus.

557 3035 681 3107 Primo
700 3034 813 3129 igitur
832 3056 909 3105 rem
933 3035 1145 3107 sumendam
1165 3058 1292 3106 censeo
1318 3057 1389 3105 non
1414 3036 1561 3108 omnino

506 3147 750 3243 quotidianam
778 3172 820 3221 ac
845 3150 1042 3243 vulgarem,
1065 3149 1128 3221 sed
1153 3172 1234 3244 quae
1260 3149 1389 3245 gratiae
1415 3150 1561 3244 aliquod

505 3274 570 3337 aut
600 3274 726 3358 sponte
759 3264 796 3335 in
827 3288 864 3335 se
894 3266 1015 3351 habet,
1043 3275 1109 3335 aut
1136 3290 1183 3337 ex
1212 3265 1332 3337 fabula
1359 3276 1559 3337 mutuatur.

506 3380 591 3455 Non
609 3382 705 3455 enim
723 3392 764 3455 ut
782 3382 819 3453 in
839 3381 989 3453 Pictura
1012 3380 1063 3452 sic
1085 3381 1122 3451 in
1151 3382 1309 3453 carmine
1334 3405 1560 3476 quaecunque

504 3508 589 3593 apte
619 3500 691 3572 sint
720 3498 897 3593 exposita,
922 3496 1033 3570 etiam
1059 3495 1241 3581 vilissima,
1266 3522 1349 3571 cum
1374 3500 1560 3591 voluptate

504 3616 625 3710 aliqua
649 3616 842 3689 intuemur.
894 3614 939 3686 Iu
965 3614 1100 3699 tabula,
1125 3613 1280 3689 rusticus
1305 3613 1489 3709 squalidus
1515 3639 1559 3689 ac

505 3730 615 3813 rudis,
641 3731 739 3822 operi
764 3730 936 3812 intentus,
962 3729 1107 3800 caballis
1134 3740 1242 3824 atque
1269 3730 1400 3826 agresti
1425 3729 1560 3801 instru-

505 3854 627 3915 mento
644 3843 793 3927 cinctus,
807 3845 914 3915 modo
930 3845 1051 3917 omnia
1067 3846 1112 3917 ad
1127 3846 1288 3919 veritatis
1305 3870 1467 3919 normam
1484 3847 1559 3920 sint

505 3968 645 4044 exacta,
670 3982 733 4051 per
758 3982 795 4031 se
820 3970 921 4033 tenet
947 3984 1041 4053 saepe
1066 3972 1280 4055 spectantes,
1303 3966 1402 4035 nulla
1425 3965 1558 4035 fabulae

504 4082 569 4149 aut
586 4096 725 4147 morum
744 4098 810 4167 ope
826 4076 1048 4171 interposita.
1075 4078 1206 4165 Immo,
1218 4104 1261 4153 ea
1278 4090 1332 4153 est
1345 4080 1558 4153 imitationis

504 4189 559 4261 vis
581 4200 623 4263 ut
644 4192 689 4266 ab
711 4190 755 4263 iis
777 4216 859 4286 quae
879 4194 918 4267 in
941 4204 1072 4268 nutura
1088 4196 1320 4287 praeteriisset
1336 4196 1477 4291 aliquis,
1493 4196 1558 4267 flo-

504 4304 602 4381 ribus
619 4331 747 4401 nempe
764 4320 828 4383 aut
846 4310 1088 4385 animantibus
1106 4312 1216 4385 etiam
1235 4312 1385 4385 mortuis
1406 4312 1557 4405 depictis

504 4422 765 4518 aliquantulum
791 4426 1020 4502 delectemur.
1072 4428 1179 4511 Quod
1202 4428 1232 4501 si
1249 4428 1285 4499 iu
1306 4430 1361 4501 his
1377 4439 1415 4502 et
1432 4430 1556 4523 hujus-
