3559 5575
433 121 498 186 150
801 114 925 178 PARS
947 112 1108 177 PRIMA
1291 111 1406 175 Puni..
1421 111 1493 175 XI.

433 291 668 387 spirantium
694 297 877 381 utcunque
901 286 940 357 in
961 285 1101 356 caeteris
1118 307 1156 356 se
1173 307 1230 354 res
1246 285 1391 368 habeat,
1408 285 1495 356 huic

434 419 532 480 certe
558 403 775 477 dubitationi
800 403 901 474 deest
926 403 1036 484 locus,
1060 399 1201 494 quoties
1226 399 1303 484 irae,
1326 410 1391 472 aut
1407 401 1493 484 odii,

435 535 500 596 ant
518 522 688 593 vindictae
708 530 828 612 partes
851 528 1018 615 agantur,
1034 526 1099 588 aut
1120 516 1160 587 in
1187 515 1313 610 quovis
1338 517 1494 612 denique

436 640 567 710 affectu
583 646 745 708 versetur
762 635 924 728 scriptor,
938 655 1045 728 quem
1061 633 1229 724 exemplo
1244 642 1282 704 et
1295 633 1398 727 quasi
1409 657 1495 708 con-

437 764 537 826 tactu
564 752 712 824 alterius
737 774 843 822 nemo
868 750 907 821 in
930 775 969 821 se
988 748 1174 840 concipere
1197 749 1298 819 solet.
1349 749 1493 843 Siquid

438 892 598 963 unquam
615 891 663 939 ex
680 868 749 938 boc
764 890 896 962 genere
912 865 1036 936 mirari
1048 863 1156 946 subit,
1170 864 1318 935 dubium
1336 887 1409 936 non
1425 875 1491 949 est,

437 985 525 1080 quin
543 983 688 1055 omnino
705 993 769 1054 aut
785 993 882 1054 certe
909 981 1068 1052 maxime
1091 990 1280 1051 teneamur
1301 980 1491 1052 imitatoris

437 1116 536 1187 arte;
561 1102 865 1198 quemadmodum
892 1100 928 1170 iu
955 1098 1080 1170 tabula
1104 1098 1157 1169 rei
1187 1097 1356 1169 deformis
1383 1109 1492 1192 atque

437 1223 570 1295 odiosae
587 1219 794 1316 imaginem,
812 1217 919 1288 modo
935 1215 1079 1312 egregie
1096 1214 1144 1286 sit
1160 1216 1268 1308 picta,
1279 1216 1479 1288 laudamus.

488 1336 513 1406 J
514 1359 572 1407 am
586 1359 682 1418 vero,
695 1345 737 1406 ut
751 1358 863 1405 unum
877 1335 1075 1405 alterumve
1089 1332 1263 1403 attentius
1275 1331 1493 1418 intueamur,

438 1461 614 1546 quantum
640 1451 750 1521 etiam
776 1450 813 1520 in
838 1449 936 1520 hisce
958 1447 1091 1541 apertis
1113 1458 1151 1520 et
1168 1447 1387 1541 simplicibus
1403 1451 1494 1520 refe·

438 1567 559 1638 reudis
576 1565 721 1662 ingenio
738 1575 847 1658 atque
864 1564 1110 1636 observatione
1127 1563 1292 1656 praestari
1306 1566 1429 1657 possit,
1446 1589 1495 1638 ex

439 1683 482 1753 iis
510 1679 663 1774 intelligi
690 1680 775 1750 licet
801 1703 884 1773 quae
914 1681 960 1750 de
990 1680 1051 1750 Ira
1080 1679 1241 1772 disputat
1267 1679 1493 1753 Aristoteles.

441 1797 555 1868 Missa
574 1799 652 1891 jam
678 1795 770 1867 facio
796 1795 858 1866 illa
880 1796 927 1866 de
948 1795 1064 1866 causis
1087 1794 1133 1865 ob
1152 1818 1241 1889 quas
1256 1795 1362 1868 irasci
1378 1800 1493 1868 solent

440 1911 613 1996 homines,
632 1911 719 1982 scite
741 1911 936 1982 admodum
960 1918 997 1981 et
1014 1909 1169 1980 dilucide
1192 1911 1385 2003 expositis:
1411 1935 1493 2006 quae

441 2053 526 2100 vero
543 2029 604 2100 ille
621 2029 667 2100 de
688 2027 772 2099 irati
795 2025 950 2098 consiliis
973 2034 1011 2096 et
1027 2024 1303 2119 cogitationibus
1324 2027 1430 2099 docte
1451 2052 1494 2100 ac

441 2145 620 2218 subtiliter
646 2143 831 2237 explicuit,
849 2143 975 2215 eadem
998 2141 1073 2212 fere
1096 2141 1217 2212 omnia
1239 2152 1303 2213 ant
1320 2153 1417 2216 certe
1432 2168 1495 2239 op-

442 2263 532 2335 tima
556 2261 774 2356 jampridem
807 2259 987 2331 Homerus
1013 2256 1163 2339 viderat,
1189 2267 1227 2329 et
1248 2267 1380 2330 natura
1403 2262 1494 2333 duce

441 2379 623 2450 inlexerat
640 2374 856 2447 carminibus
873 2374 957 2446 suis.
1407 2437 1412 2444 .

494 2493 673 2562 Praeclara
689 2491 836 2583 quidem
852 2500 908 2562 est
924 2490 1077 2562 Achillis
1093 2491 1283 2574 sententia,
1296 2502 1335 2563 et
1348 2493 1495 2564 minime

442 2629 508 2698 pro
525 2604 726 2698 vulgarium
753 2602 967 2696 scriptorum
992 2614 1099 2697 captu
1126 2605 1234 2692 dicta,
1254 2605 1315 2676 ubi
1333 2609 1496 2700 volupta-

443 2729 517 2792 tem
535 2717 723 2810 profltetur
740 2741 787 2791 ex
803 2717 858 2789 ira
874 2717 1014 2812 concipi
1030 2719 1183 2803 solitam,
1200 2742 1272 2814 qua
1288 2721 1400 2794 etiam
1416 2745 1496 2795 sen·

443 2833 560 2907 tentia
575 2833 731 2907 rationes
748 2858 829 2905 suas
844 2834 1033 2907 Aristoteli
1051 2836 1183 2907 muniri
1199 2838 1344 2929 placuit.

523 2952 618 3019 Ὅστν
633 2955 705 3018 πολὺ
720 2952 847 3042 γλυκίων
860 2951 975 3035 pimus
989 2953 1236 3036 mmsdopa'mo

525 3058 644 3143 Ἀνδρῶν
659 3061 686 3121 ἦν
700 3058 847 3135 στήθεσσιν
860 3054 983 3134 alferat.
1258 3058 1309 3121 IL.
1323 3056 1363 3121 Σ.
1376 3057 1451 3127 109.

445 3179 539 3251 Rern
557 3192 677 3253 autem
696 3180 756 3252 ille
773 3180 880 3251 altius
898 3187 1062 3269 repetens
1079 3202 1224 3251 causam
1241 3202 1313 3251 non
1335 3179 1495 3272 ineptam

445 3295 565 3366 reddit
582 3320 646 3366 cur
666 3295 719 3367 ita
741 3296 943 3366 afficiantur
964 3294 1138 3378 homines,
1155 3319 1284 3388 nempe
1305 3296 1403 3389 quod
1419 3295 1504 3373 vin·,

446 3410 580 3481 dictam
598 3408 682 3480 irati
698 3434 769 3480 non
788 3410 895 3480 modo
912 3409 1143 3494 meditentur,
1161 3411 1350 3483 sedetiam
1372 3409 1498 3504 praeci-

446 3525 548 3618 piant
566 3524 705 3607 animis,
718 3536 756 3595 et
768 3525 883 3595 multo
901 3536 986 3596 ante
1000 3526 1240 3618 prospiciant;
1256 3529 1359 3622 cujus
1375 3527 1499 3621 itaque

446 3640 499 3711 rei
521 3638 710 3731 phantasia
731 3638 879 3709 mirifice
900 3640 1098 3712 oblectetur
1117 3665 1251 3713 sensus.
1306 3642 1398 3713 Haec
1414 3665 1500 3713 vero

446 3779 493 3827 ne
510 3753 688 3848 exquisite
711 3753 817 3824 nimis
840 3778 882 3824 ac
908 3755 1087 3827 subtiliter
1111 3757 1207 3828 dicta
1230 3757 1310 3850 quis
1334 3757 1501 3850 putet,si

447 3872 494 3943 ad
510 3894 673 3943 normam
689 3880 840 3954 naturae,
857 3872 926 3942 boc
942 3882 997 3942 est
1014 3873 1060 3943 ad
1077 3874 1294 3965 optimorum
1311 3884 1500 3966 poetarum

448 4012 552 4061 nsum
569 3986 789 4083 redigantur,
806 3986 1029 4079 reperientur
1042 4010 1138 4061 vera.
1172 3989 1271 4072 Quid
1287 3989 1383 4064 enim
1400 3990 1508 4066 aliud.
