3559 5575
229 298 243 328 D

1033 85 1166 148 348
1713 79 1959 145 PARS
2005 77 2449 145 SECUNDA
2583 80 2809 144 Pam..
2846 80 3166 148 XXVII.

1035 255 1255 327 etiam
1288 252 1467 325 illud
1501 252 1808 326 efficitur
1840 253 2033 347 quod
2072 252 2148 324 in
2184 252 2363 324 vitio
2408 275 2691 346 semper
2732 256 3169 347 ponendum

1035 382 1168 454 est,
1220 381 1304 443 ut
1353 379 1635 441 nosmet
1683 369 1822 463 ipsi
1876 369 2103 465 magis
2157 368 2541 440 lectoribus
2599 392 2820 463 quam
2883 373 3167 445 mortui

1035 510 1510 570 occurramus,
1546 495 1841 579 totaque
1880 509 1994 557 res
2038 485 2269 556 nostri
2313 485 2553 578 potius
2599 509 2816 579 quam
2863 488 3165 561 illorum

1036 628 1253 677 causa
1282 602 1441 674 fieri
1471 601 1825 673 videatur.

1134 718 1389 790 Liceat
1421 716 1646 812 igitur
1679 715 1961 808 parenti
2004 724 2132 787 aut
2166 713 2461 808 conjugi
2504 715 2827 808 proprios
2870 716 3161 790 dolores

1035 835 1425 917 effundere,
1461 833 1673 904 modo
1722 832 1800 902 id
1841 847 2037 903 caste
2070 831 2199 902 fiat
2231 839 2307 901 et
2341 830 2592 914 sobrie,
2627 832 2827 902 omni
2874 832 3162 928 ingenii

1035 950 1328 1024 lascivia
1360 948 1707 1042 seposita:
1745 950 1860 1042 cuj
1867 946 2150 1040 usmodi
2174 955 2345 1018 sunt
2370 945 2612 1042 aliqua
2644 971 2739 1018 ex
2765 949 3159 1021 vetustatis

1037 1066 1355 1162 reliquiis
1377 1064 1812 1161 jampridem
1845 1073 2074 1135 eruta.

1211 1193 1485 1259 Vixisses
1513 1193 1778 1273 utinam,
1810 1207 1875 1257 et
1902 1190 2117 1279 potius
2146 1211 2288 1254 mea
2319 1190 2515 1253 Musa
2544 1204 2798 1270 taceret,

1295 1299 1501 1376 Quam
1530 1293 1684 1359 mihi
1713 1292 2023 1358 scribendi
2051 1315 2261 1373 causa,
2293 1290 2549 1369 Latina,
2578 1291 2765 1356 fores.

1210 1397 1517 1462 Vixisses:
1566 1419 1690 1460 neu
1723 1411 1785 1461 te
1816 1412 2176 1481 surgentem
2205 1394 2274 1458 in
2303 1406 2453 1458 vota
2480 1408 2737 1457 tuorum

1295 1495 1724 1584 Adspicerem‚
1751 1496 2044 1561 addictus
2073 1496 2366 1560 manibus
2394 1495 2531 1582 ipse
2560 1494 2761 1560 sacris.

1211 1599 1333 1665 Sed
1364 1599 1662 1685 quoniam
1694 1597 1913 1664 Parcis
1942 1599 2209 1663 vetitum
2239 1613 2335 1663 est
2366 1598 2545 1677 nihil,
2575 1598 2784 1687 accipe
2813 1600 3016 1664 nostri

1297 1703 1598 1766 AEternas
1618 1701 1818 1766 eheu!
1852 1699 2143 1765 carminis
2166 1701 2517 1788 exsequias.
2566 1704 2892 1766 Fam-w.
2911 1725 2975 1789 p.
2997 1703 3149 1773 ἕω.

1037 1825 1285 1896 Aliter.
1320 1848 1404 1895 ac
1448 1823 1756 1915 pressius
1801 1825 2042 1916 paullo
2088 1824 2390 1895 eandem
2426 1825 2654 1898 vicem
2691 1825 2886 1898 dolet
2921 1825 3154 1897 Lenae

1039 1941 1410 2038 cujusdam
1443 1938 1613 2011 fatis
1648 1940 1965 2030 abreptae
2001 1942 2291 2036 conjux.

1213 2072 1466 2134 Functa
1481 2068 1654 2156 jaces
1680 2066 1820 2131 hic:
1871 2067 1981 2132 sed
2010 2067 2171 2133 vivis
2197 2069 2497 2155 viresque
2530 2070 2822 2134 Secundo

1296 2171 1482 2237 Lella
1511 2185 1655 2236 tuo:
1702 2169 1938 2235 debent
1966 2193 2081 2239 nec
2110 2171 2439 2237 benefacta
2465 2172 2649 2235 mori.

2421 2275 2816 2353 Frzmmrn,
2846 2298 2916 2362 p.
2944 2278 3062 2346 92.

1039 2376 1294 2468 Mirari
1338 2407 1580 2469 tamen
1622 2398 1790 2491 jure
1836 2395 2093 2489 aliquis
2139 2395 2362 2488 possit
2403 2396 2574 2467 huic
2617 2380 3150 2492 epigrammati,

1036 2520 1189 2583 tam
1242 2523 1546 2583 venusto
1599 2522 1674 2583 et
1725 2535 1895 2583 vero
1949 2512 2341 2585 affectuum
2399 2511 2800 2605 interpreti,
2859 2513 3150 2585 fatuum

1036 2627 1215 2698 illud
1259 2638 1334 2701 et
1367 2628 1700 2721 putidum
1747 2628 2004 2700 millies
2051 2628 2437 2721 repetitum
2484 2628 2563 2699 in
2613 2630 2755 2700 fine
2806 2631 3150 2727 subjungi

1035 2752 1310 2829 votum,
1346 2751 1626 2815 terram
1661 2740 1926 2815 leviter
1959 2765 2130 2815 ossa
2164 2751 2547 2815 tecturam.

1211 2874 1322 2937 Tu
1353 2872 1538 2938 tellus
1567 2888 1939 2960 sanctosque
1967 2895 2190 2961 precor
2217 2896 2336 2960 pro
2364 2873 2636 2960 conjuge
2667 2896 2903 2952 mane8‚

1295 2976 1428 3041 Vos
1455 2976 1540 3041 ite
1568 2975 1835 3063 placidi3
1889 2992 1960 3041 tu
1990 2975 2144 3040 levis
2172 2998 2312 3040 ossa
2341 2990 2541 3063 tegas·
2881 2977 3064 3042 Ibid.

1038 3086 1184 3158 Hic
1216 3087 1436 3159 etiam
1470 3113 1614 3160 non
1646 3089 2157 3181 praetereunda
2188 3088 2374 3159 duco
2408 3088 2655 3158 Ovidii
2695 3090 3019 3161 carmina
3059 3092 3150 3163 de

1032 3205 1446 3295 parentibus
1492 3206 1637 3277 suis
1672 3208 1829 3301 jam
1866 3205 2189 3289 mortuis,
2225 3228 2388 3298 quae
2421 3229 2518 3276 ex
2553 3204 2810 3300 Elegia
2840 3204 2916 3275 in
2956 3229 3151 3278 mar-

1034 3341 1191 3390 mor
1239 3323 1628 3414 sepulcrale
1680 3323 1952 3415 optime
2004 3321 2373 3394 transferri
2421 3322 2719 3414 possint,
2753 3320 2814 3391 si
2852 3323 3151 3414 quando

1033 3433 1345 3521 fortuna,
1370 3437 1678 3509 viventis
1711 3462 1860 3509 una
1892 3463 2056 3510 cum
2094 3437 2469 3509 affectibus
2505 3438 2598 3509 sit
2623 3439 3123 3531 exprimenda.

1208 3554 1446 3621 Felices
1472 3560 1684 3638 ambn,
1717 3559 2213 3647 tempestiveque
2240 3559 2491 3648 sepulti,

1294 3660 1469 3724 Ante
1497 3660 1662 3725 diem
1693 3685 1900 3748 poenae
1930 3663 2107 3749 quod
2134 3662 2375 3749 periere
2403 3666 2597 3727 meae!

1205 3762 1322 3826 Me
1348 3766 1876 3850 quoquefilicem‚
1907 3765 2083 3852 quod
2112 3787 2240 3828 non
2270 3763 2627 3828 viventibus
2655 3763 2777 3827 illis

1295 3866 1448 3929 Sum
1479 3867 1701 3941 miser;
1751 3883 1816 3932 et
1844 3867 1925 3931 de
1955 3890 2057 3931 me
2084 3866 2259 3952 quod
2288 3863 2547 3929 doluere
2575 3863 2751 3929 nihil.

2135 3967 2343 4031 Ovm.
2375 3968 2619 4031 Tmsr.
2653 3968 2775 4031 lv.
2803 3969 2911 4044 10,
2944 3970 3058 4032 81.
