3559 5575
297 13 659 86 eundum
694 12 910 85 erit.
857 9 889 57 ¹³

438 128 821 221 Nusquam
876 152 1047 201 sane
1101 153 1147 200 a
1199 129 1444 200 Poetis
1502 128 1951 222 frequentius
2012 70 2459 201 elaboratum

282 255 461 324 est,
494 267 718 337 quam
753 243 831 313 in
865 240 1070 314 luctu
1105 255 1181 315 et
1214 247 1469 316 acerbo
1501 240 1755 314 dolore
1788 241 2026 314 animi
2061 245 2457 318 referendo.

278 360 627 451 Quippe
662 361 754 429 ab
789 361 925 430 hoc
956 359 1185 430 ferme
1216 370 1374 430 tota
1399 361 1666 453 pendet
1692 360 2084 456 tragoedia:
2121 385 2354 455 neque
2378 363 2457 434 in

280 479 486 551 ullo
524 497 790 568 genere
823 498 1115 565 poeseos
1147 499 1323 573 suus·
1341 499 1488 546 non
1515 477 1903 568 saepissime
1930 489 2133 570 patet
2157 467 2327 549 buic
2353 478 2459 549 rei

281 598 564 666 locus,
669 588 1014 671 Quinimo
1065 614 1151 660 ea
1200 601 1310 662 est
1359 593 1699 662 humanae
1726 593 1960 664 sortis
2005 593 2345 676 conditi0,
2376 604 2463 664 ut

287 704 643 782 cuilibet
699 706 1068 797 exemplar
1118 705 1292 775 vitae
1349 705 1667 776 intuenti
1728 707 2050 799 quotidie
2109 716 2478 800 suppetat,

282 822 531 898 unde
571 820 816 891 vivam
871 822 1028 915 ejus
1075 820 1389 893 deducat
1429 820 1845 916 imaginem,
1881 822 1937 892 si
1985 822 2225 894 minus
2257 825 2470 895 vehe-

277 948 660 1019 mentem
721 936 921 1007 illam
975 947 1050 1008 et
1095 960 1308 1030 paene
1364 937 1855 1030 furibundam,
1910 947 1987 1009 at
2039 940 2226 1009 hanc
2275 963 2465 1011 com-

277 1075 635 1147 munem
703 1066 779 1124 et
837 1053 1181 1124 leniorem
1252 1066 1471 1136 certe,
1533 1076 1699 1151 quae
1758 1053 1833 1123 in
1893 1055 2475 1148 propinquorum.

279 1182 568 1247 morte
603 1177 737 1241 aut
771 1169 1163 1240 amicorum
1199 1169 1540 1241 cernitur.
1643 1169 1997 1240 Attamen
2034 1169 2108 1239 in
2140 1172 2275 1241 hac
2311 1193 2460 1241 ma-

285 1289 529 1363 teria
563 1285 971 1368 tractanda,
1007 1285 1271 1356 usitata
1314 1285 1509 1367 licet,
1553 1284 1814 1355 mirum
1867 1294 2223 1378 quantum
2275 1286 2458 1356 effici

292 1402 555 1499 possit
610 1411 770 1471 arte
820 1410 896 1470 et
945 1399 1238 1494 ingenio
1285 1399 1578 1480 Poetae;
1629 1410 1705 1470 et
1744 1422 1962 1493 quam
1997 1400 2180 1470 varii
2226 1411 2459 1472 motus

303 1517 586 1598 animi,
641 1514 772 1606 qui
826 1514 902 1583 in
964 1516 1100 1584 hoc
1155 1515 1421 1586 'affectu
1470 1515 1674 1608 vulgi
1722 1537 2014 1584 sensum
2064 1514 2383 1609 fugiunt,
2417 1539 2462 1586 a

314 1631 571 1704 doctis
596 1628 1083 1699 imitatoribus
1110 1629 1458 1724 distingui
1488 1631 1784 1712 soleant,
1804 1632 2007 1723 justa
2031 1641 2461 1723 temporum,

318 1747 498 1829 loci,
534 1767 783 1826 sexuS,
817 1743 1371 1837 propinquitatis
1404 1743 1684 1813 ratione
1718 1744 1987 1814 habita.

437 1860 801 1955 Imperito
836 1857 1185 1955 *scriptori
1237 1859 1417 1929 nihil
1466 1869 1733 1951 praeter
1782 1861 2137 1952 lacrymas
2188 1868 2263 1930 et
2312 1860 2463 1952 plo-

331 1986 541 2049 ratus
578 1988 656 2047 et
689 1975 1012 2068 ineptam
1047 1976 1412 2067 querelam
1449 1976 1661 2047 subit.
1763 1976 1873 2046 At
1908 1975 1966 2046 si
2015 1975 2174 2069 quis
2225 1985 2459 2047 atten-

335 2093 486 2163 tius
536 2115 692 2163 rem
741 2091 1101 2184 inspiciat,
1154 2090 1370 2166 aliam
1420 2114 1706 2184 prorsus
1755 2102 2194 2176 nascentem,
2240 2093 2456 2163 aliam

346 2216 702 2276 maturam
758 2207 917 2301 jam
976 2216 1052 2277 et
1105 2205 1417 2275 validam
1477 2205 1807 2297 reperiet.
1912 2205 2153 2277 Aliter
2218 2206 2456 2291 amici,

357 2318 557 2390 aliter
587 2321 905 2416 conjugis
940 2330 1069 2391 aut
1102 2320 1231 2390 filii
1263 2320 1483 2391 funus
1515 2320 2034 2414 prosequimur.
2140 2320 2335 2392 Tum
2376 2321 2453 2392 in

367 2435 766 2526 gravissima
796 2438 1088 2508 fortuna
1120 2446 1196 2507 et
1227 2459 1469 2507 rerum
1502 2436 1708 2528 quasi
1739 2434 2142 2530 naufragio,
2168 2437 2455 2529 quando

375 2546 450 2615 in
507 2548 741 2620 fletum
804 2553 1014 2623 modo
1082 2562 1298 2645 atque
1365 2552 1789 2646 ejulationes
1854 2551 2062 2622 effusi
2133 2551 2455 2622 homines

387 2663 588 2756 vulgo
633 2665 1044 2750 referuntur,
1096 2667 1325 2738 multa
1375 2677 1622 2738 cernet
1670 2678 1951 2738 naturae
2001 2667 2185 2738 fidus
2233 2667 2452 2738 inter-

394 2798 563 2866 pres,
595 2803 742 2873 quae
773 2783 1022 2876 cuique
1053 2782 1158 2854 rei
1193 2807 1276 2854 ac
1311 2807 1635 2876 personae
1680 2783 2048 2876 proprium
2095 2783 2454 2877 quendam

409 2893 680 2963 colorem
720 2898 990 2983 addant,
1024 2909 1100 2970 et
1134 2899 1512 2971 veritatem
1559 2901 1878 2992 paullum
1932 2900 2025 2970 ab
2072 2899 2295 2971 oculis
2342 2924 2452 2973 re-

421 3014 656 3082 motam
683 3010 748 3081 in
779 3014 1080 3090 medium
1115 3013 1503 3107 proferant.

506 3214 531 3252 ¹³
551 3218 767 3280 Tertium
806 3228 1114 3286 imitationis
1145 3241 1336 3307 caput,
1365 3228 1518 3306 quod
1546 3228 1617 3286 ad
1648 3227 1771 3285 vitae
1804 3228 2155 3305 fortunaeque
2184 3229 2447 3287 humanm

451 3309 682 3371 rationem
704 3320 938 3394 pertinere
964 3324 1179 3384 dictum
1209 3338 1317 3393 est,
1341 3329 1502 3402 cujus
1525 3323 1734 3384 ideirco
1755 3338 1846 3384 est
1870 3324 2211 3384 Verisimile
2196 3344 2255 3383 nn
2279 3326 2448 3387 rebus

458 3422 687 3485 Pmpue
716 3429 937 3491 spectare,
980 3422 1122 3480 adeo
1164 3442 1296 3480 cum
1341 3421 1546 3481 fabulae
1588 3434 1872 3481 structura
1910 3422 2239 3503 colligatum
2272 3433 2361 3480 est
2388 3438 2451 3490 et

468 3497 757 3577 implicitum,
781 3525 833 3570 ut
853 3517 908 3573 ad
928 3531 1266 3615 postremam
1298 3517 1474 3577 totius
1501 3520 1689 3599 operis
1725 3532 1967 3599 partem,
1998 3520 2115 3579 sive
2142 3521 2453 3610 ,Ιαάίεἰωη

212 3640 224 3730 κ
479 3591 528 3649 id
551 3597 711 3660 referre
732 3625 826 3665 non
851 3609 1220 3675 dubitaverim.
2184 3636 2188 3642 ·

230 3767 271 3955 κ

194 3564 204 3630 ἐ

1329 3685 1394 3781 M
1433 3718 1479 3782 s
