3559 5575
425 1031 784 1118 PRAELECTIO
813 1029 1103 1117 SECUNDA.

236 1315 289 1382 De
304 1335 425 1404 genere
439 1314 612 1401 voluptatis
627 1333 699 1400 quen
715 1333 756 1376 en
769 1315 862 1401 poesi
875 1313 1069 1402 percipitur.
1116 1313 1239 1388 Quibus
1253 1336 1294 1378 eu

267 1418 489 1504 famdtatibue
518 1416 621 1479 animi
648 1413 785 1502 pendeat
812 1416 1004 1502 inquiritur.
1048 1416 1141 1479 Hinc
1165 1417 1294 1481 ductes

280 1521 387 1607 operis
408 1521 506 1584 totius
527 1521 565 1581 in
586 1527 724 1604 quatuor
739 1525 853 1604 purten
875 1517 1070 1581 tumberto.
1114 1519 1167 1582 De
1182 1520 1295 1584 Imita-

279 1623 376 1702 ἐίοπι,
390 1621 429 1693 de
443 1620 627 1710 Affectibm,
643 1619 681 1684 de
696 1619 888 1696 Pinutnsiu,
902 1618 942 1682 de
954 1618 1097 1685 Iudicio.

623 1850 904 1904 ...φ-..-

238 2015 417 2149 QUUM
444 2059 483 2132 in
510 2060 628 2152 priore
653 2084 773 2134 eoram
801 2061 900 2134 vobis
925 2081 1034 2155 quam
1060 2058 1171 2130 hebui
1197 2058 1295 2130 Prae-

235 2175 400 2258 lectione,
417 2174 639 2260 Academici,
656 2177 804 2250 unicum
822 2174 979 2249 Poeticae
995 2175 1065 2248 arti
1085 2176 1195 2249 finem
1217 2197 1293 2249 esse

236 2290 442 2362 statuissem
464 2301 507 2362 ut
524 2290 691 2375 delectet,
709 2293 902 2364 nonnullus
924 2315 983 2364 me
1007 2290 1141 2362 invasit
1163 2301 1293 2374 metus,

236 2429 377 2480 nerem
399 2429 546 2502 gravem
569 2416 607 2480 et
626 2407 800 2480 eximiam
824 2408 950 2480 leviori
974 2430 1084 2500 quam
1109 2429 1175 2498 pur
1200 2417 1294 2478 esset

236 2521 448 2614 imposuisse
473 2521 721 2608 fundamento,
746 2533 857 2614 atque
885 2524 931 2594 nb
959 2521 1174 2593 auctoritate
1199 2544 1295 2591 snm-

237 2657 381 2731 morum¹
397 2634 557 2706 virorum
579 2635 779 2708 discessisse
796 2649 932 2710 temese
949 2635 1100 2708 viderer.
1151 2634 1294 2729 Quippe

234 2749 396 2825 inomni
418 2773 458 2825 re
480 2761 601 2823 movet
626 2775 691 2825 nos
715 2751 980 2847 quodammodo
1004 2751 1082 2845 ipsu
1106 2751 1293 2825 nominum

234 2867 450 2950 auctoritem
476 2890 593 2961 neque
608 2867 648 2941 id
664 2867 848 2962 imperitos
865 2870 980 2943 solum
992 2868 1153 2964 attingit,
1166 2892 1291 2943 verum

233 2985 346 3059 etiam
369 2982 484 3058 doctis
506 2993 544 3055 et
565 2984 801 3077 prudentibus
824 3008 898 3063 nou
920 2984 1062 3057 minimi
1084 2995 1140 3057 est
1161 2985 1291 3057 inbonis

234 3110 394 3173 mentem
423 3123 445 3172 a
470 3100 727 3173 consuetudine
752 3100 895 3176 aurium
919 3101 1116 3173 abduceret
1142 3110 1181 3173 et
1203 3124 1292 3195 quo·

235 3218 335 3291 niam
352 3216 404 3289 ita
420 3216 494 3289 fere
516 3215 647 3289 eccidit
664 3216 701 3287 in
720 3217 807 3291 vitae
830 3216 1044 3293 commercio
1065 3227 1109 3288 ut
1124 3240 1207 3310 quae
1229 3218 1292 3289 de-

234 3331 419 3407 lectationi
434 3330 699 3415 inservientes
715 3333 927 3427 plerumque
943 3334 1022 3405 leve
1038 3332 1211 3424 quiddam
1227 3336 1291 3407 hu·

234 3450 346 3547 heum
370 3456 409 3519 et
432 3447 590 3540 vulgare,
613 3467 873 3539 nonnunquam
899 3456 1022 3520 nutem
1046 3469 1159 3538 prava
1181 3456 1291 3540 etque

235 3563 426 3637 inhonesta
448 3558 683 3653 reperiuntur,
700 3559 834 3633 idcirco
858 3559 1022 3633 homines
1042 3560 1151 3657 frugi,
1167 3585 1224 3633 res
1248 3575 1291 3639 ut

236 3680 303 3753 sibi
330 3678 499 3755 videnmr
527 3676 687 3751 utilitate
717 3676 918 3764 metientes,
944 3675 1029 3749 hnic
1053 3678 1161 3751 verbo
1189 3677 1290 3774 inep-

236 3796 371 3871 riarum
386 3804 522 3876 notum,
539 3816 582 3865 ne
595 3793 671 3865 fere
687 3791 925 3886 turpitudinis
940 3791 1083 3865 inurere
1099 3794 1225 3869 soient.

286 3910 393 3995 Quod
408 3909 531 4003 inique
548 3918 670 3981 tamen
687 3907 794 3981 abiis
811 3918 849 3981 et
861 3908 994 3981 insulse
1003 3909 1140 3981 factum
1150 3910 1287 4005 judico.

237 4027 333 4103 Nam
349 4025 448 4123 qnod
464 4026 665 4117 voluptates
681 4024 769 4099 istas
786 4034 957 4118 spernant
973 4048 1055 4119 quae
1072 4028 1183 4125 vulgo
1203 4038 1289 4099 sunt

235 4141 275 4215 iu
300 4140 448 4225 deliciis,
463 4138 526 4235 qui
549 4142 760 4235 purumque
783 4151 847 4215 aut
867 4140 965 4213 foedu
983 4138 1144 4226 libidine,
1160 4150 1225 4213 ant
1241 4141 1289 4212 ri-

236 4255 365 4337 dieulis
386 4258 503 4343 rebus,
520 4268 585 4332 eut
601 4256 756 4351 denique
780 4256 862 4331 rudi
887 4266 997 4351 atque
1022 4255 1159 4331 inculto
1182 4280 1287 4329 sensu

234 4372 480 4467 impelluntur,
503 4373 548 4449 iis
575 4374 740 4457 lubenter
769 4372 965 4451 menum:
994 4372 1093 4467 quod
1117 4394 1203 4445 vero
1232 4371 1288 4448 his
