3559 5575
427 156 670 221 Pam„
702 156 1053 222 XXVIII.
1143 159 1272 223 DE
1320 158 1903 224 PHANTASIA.
2423 158 2548 226 861

428 330 880 402 Imitationis
931 330 1261 424 peritiam
1315 356 1480 403 cum
1524 333 1939 405 Phantasiae
1974 332 2043 403 vi
2091 334 2554 428 conjunctam

423 449 777 537 postulat.
878 449 1072 518 Nam
1108 449 1303 542 quod
1325 449 1486 520 Deo
1519 472 1802 520 summo
1835 473 1921 520 ac
1952 449 2386 541 praepotenti
2420 449 2558 519 mi-

425 584 614 633 nora
640 565 797 634 haec
822 563 1122 635 numina
1150 566 1366 660 vulgo
1398 564 1754 648 feruntur,
1779 589 1924 636 non
1960 564 2254 635 omnino
2288 587 2331 635 a
2366 588 2548 636 mor-

424 678 693 748 talium
744 680 975 776 figura
1021 690 1098 751 et
1141 691 1342 752 certa
1399 680 1713 773 corporis
1765 679 2243 773 descriptione
2298 681 2553 751 abhor-

424 806 641 866 rent:
679 797 874 889 quod
908 820 1077 867 vero
1114 800 1345 891 majus
1379 797 1722 890 quiddam
1757 808 1834 868 et
1868 796 2329 889 praestantius
2363 797 2438 867 in
2474 821 2552 870 se

425 911 730 995 habent,
763 935 982 1005 quam
1017 913 1287 983 terreni
1316 923 1610 1005 possunt
1648 922 1848 983 artus
1881 921 1956 984 et
1984 914 2304 984 membra
2338 911 2551 983 mori-

429 1027 686 1098 bunda
734 1029 1011 1111 efferre,
1045 1028 1260 1098 fidem
1295 1027 1560 1100 idcirco
1592 1029 1790 1099 illam
1836 1039 1912 1100 et
1946 1028 2393 1123 diligentiam
2439 1053 2552 1101 re-

430 1155 717 1226 cusant,
771 1166 990 1237 quam
1041 1142 1116 1213 in
1169 1142 1416 1214 formis
1466 1142 1937 1239 depingendis
1994 1165 2261 1236 ponere
2320 1145 2553 1215 solent

430 1258 992 1351 scriptores—et
1027 1259 1333 1354 effigiem
1369 1260 1575 1331 lineis
1617 1260 2115 1351 imperfectam
2160 1261 2550 1352 postulant,

430 1385 683 1446 mente
715 1385 790 1446 et
824 1376 1236 1478 conjectura
1270 1376 1555 1447 lectoris
1589 1375 2050 1468 explendam.

537 1490 950 1584 Apollinem
986 1515 1157 1587 ergo
1191 1515 1403 1562 suum
1440 1492 1621 1562 mira
1655 1503 1811 1563 arte
1844 1491 2126 1563 effinxit
2157 1489 2545 1587 Virgilius:
2621 1587 2627 1593 ι

613 1647 832 1725 Qualis
863 1648 972 1713 ubi
1002 1648 1348 1735 hybernam
1383 1648 1675 1736 Lyciam,
1707 1649 2079 1737 Xanthique
2106 1649 2346 1716 fluenta

613 1750 886 1830 Deserit,
913 1774 987 1815 ac
1016 1750 1251 1816 Delum
1282 1765 1627 1816 maternam
1656 1752 1869 1817 invisit
1898 1751 2158 1839 Apelle,

616 1853 1065 1940 Instauratque
1092 1854 1352 1927 choros;
1401 1854 1712 1941 mixtique
1741 1853 1963 1918 altaria
1989 1854 2224 1918 circum

613 1957 960 2042 Cretesque
989 1957 1413 2044 Dryopesque
1440 1957 1743 2034 fremunt,
1773 1956 2054 2044 pictique
2083 1955 2469 2044 Agathyrsi:

612 2061 976 2150 Ipse-jugis
1008 2060 1246 2147 Cynthi
1266 2060 1609 2147 graditur,
1639 2060 2251 2146 nwlliquefltaentem

612 2161 873 2225 Fronde
887 2162 1133 2248 'premit
1161 2162 1705 2249 mmflngm,
1735 2169 1924 2247 atque
1950 2160 2237 2246 implicat
2262 2181 2448 2223 auro.

622 2264 781 2327 Tela
807 2272 1039 2328 armant
1066 2263 1368 2328 huma-is.
1977 2261 2133 2326 AEN.
2168 2263 2288 2326 IV.
2310 2263 2460 2326 143.

435 2407 650 2502 Vaga
688 2420 859 2480 sunt
904 2410 1062 2480 haec
1111 2420 1188 2480 et
1233 2409 1663 2492 communia,
1710 2408 1953 2502 qualia
2001 2407 2376 2479 aetheriam
2427 2409 2548 2480 de-

436 2540 605 2595 cent
631 2536 989 2607 naturam,
1018 2526 1352 2596 humanis
1378 2549 1520 2597 non
1558 2524 1772 2596 nimis
1809 2525 2266 2596 scrutandam
2302 2525 2544 2596 oculis.

434 2639 544 2709 At
588 2642 909 2734 ejusdem
958 2643 1049 2712 ab
1094 2640 1358 2712 Ovidio
1408 2663 1819 2733 expressam
1870 2639 2282 2735 imaginem,
2338 2663 2548 2732 prop-

437 2765 636 2828 terea
667 2759 857 2851 quod
892 2768 1131 2851 partes
1166 2757 1482 2853 singulas
1507 2768 1719 2851 poeta
1745 2756 2020 2829 curiose
2042 2759 2200 2828 vult
2225 2756 2544 2851 exsequi,

435 2873 618 2944 nihil
653 2885 780 2945 aut
806 2875 1014 2946 celati
1047 2887 1173 2947 aut
1195 2875 1473 2945 obscuri
1503 2874 1937 2967 relinquenS,
1964 2885 2281 2945 statuam
2317 2873 2544 2968 magis

436 2990 700 3060 referre
733 2990 1003 3061 diceres
1036 3013 1252 3083 quam
1287 2990 1549 3061 Deum.

614 3130 734 3195 Ille
763 3144 958 3218 caput
985 3129 1220 3194 flavum
1251 3131 1432 3196 lauro
1462 3131 1835 3196 Parnasside
1863 3131 2112 3197 vinctus

607 3232 818 3296 Verrit
849 3233 1141 3311 humum,
1172 3232 1371 3321 Tyrio
1400 3247 1679 3297 saturata
1707 3233 1945 3298 murice
1972 3233 2162 3320 palla,

611 3336 1126 3422 Instructamque
1155 3335 1345 3399 fidem
1375 3336 1662 3422 gemmis,
1692 3354 1756 3400 et
1786 3335 2082 3400 dentibus
2111 3335 2315 3412 Indis,

611 3438 893 3503 Sustinet
920 3461 961 3502 a
988 3437 1184 3503 laeva:
1228 3437 1431 3503 tenuit
1462 3461 1686 3503 manus
1710 3438 1907 3504 altera
1934 3438 2278 3525 plectrum:

608 3541 882 3607 Artificis
912 3555 1111 3607 status
1139 3542 1273 3630 ipse
1300 3541 1443 3606 fuit.
1726 3544 1859 3608 Ov.
1894 3543 2090 3607 Mar.
2126 3543 2263 3608 XI.
2299 3541 2449 3609 166.

534 3687 951 3770 Quinetiam
1003 3689 1183 3759 illud
1231 3689 1323 3760 de
1357 3688 1732 3760 Ovidianis
1765 3688 1991 3760 ferme
2024 3689 2353 3761 omnibus
2388 3691 2540 3761 ani-

435 3803 788 3875 madverti
847 3804 1057 3885 licet;
1132 3804 1459 3897 quamvis
1516 3816 1837 3876 monstra
1892 3805 2221 3878 inaudita
2273 3806 2539 3897 ubique

434 3928 695 4002 narret,
733 3919 1112 4013 Nymphas
1159 3932 1234 3991 et
1268 3921 1586 4012 Satyros,
1619 3921 1954 4016 Deosque
1995 3921 2314 3993 omnium
2350 3918 2539 3990 ordi-

433 4059 610 4108 num
656 4047 1048 4128 percurrat,
1081 4047 1158 4109 et
1188 4036 1530 4131 quicquid
1566 4061 1884 4132 unquam
1920 4035 2303 4132 prodigiosi
2334 4034 2539 4105 fabu-
