3559 5575
570 653 930 737 PnAELucmo
967 650 1254 735 VICESIMA
1291 651 1550 741 cunum
1690 628 1691 633 '

533 984 583 1048 De
604 982 779 1048 Sententiis
805 979 939 1044 sublime
959 978 1089 1066 aliquod
1108 1000 1147 1042 oc
1167 999 1355 1064 generosum
1375 979 1589 1066 tpirontibut.

581 1087 646 1149 Vin.
667 1085 718 1149 De
734 1083 857 1171 glorio,
880 1082 918 1145 de
943 1081 1191 1158 immortalitate,
1214 1079 1252 1143 dc
1273 1081 1489 1168 grauioriboc
1514 1084 1590 1145 vitoe

575 1185 695 1273 (ficiis.
726 1185 860 1247 Horum
875 1191 1016 1270 artgnw
1030 1182 1081 1245 vie
1095 1183 1125 1246 ti
1139 1203 1160 1244 a
1170 1183 1320 1269 perennio
1331 1183 1416 1245 inter
1425 1179 1588 1270 ogmdnm

568 1286 793 1373 proferantur.
842 1285 1023 1348 Trocmitur
1043 1282 1118 1349 inde
1141 1283 1187 1346 od
1209 1280 1335 1346 mollius
1356 1282 1589 1370 benigniusque

573 1390 801 1452 sententiarum
812 1407 931 1474 genoe.
969 1385 1079 1450 Volent
1090 1385 1143 1448 Ιιω
1153 1407 1263 1450 omnen
1274 1386 1478 1473 huppem,
1488 1393 1590 1472 prout

561 1488 1053 1575 jntaefiustntetpmoooiln.

951 1734 1165 1784 —4—

534 1930 681 2030 SAEPE
709 1958 747 2029 in
778 1957 833 2028 his
862 1956 1150 2049 praelectionibus
1177 1955 1297 2028 dicere
1326 1959 1492 2040 solemus,
1517 1960 1591 2028 rir-

532 2086 650 2147 tutem
675 2095 819 2145 omnem
844 2095 909 2143 sua
934 2082 1060 2164 sponte
1086 2095 1162 2143 esse
1188 2072 1398 2155 amabilem3
1424 2074 1589 2166 quamsi

533 2190 690 2262 moribus
720 2192 931 2284 cujusquam
958 2189 1139 2258 luculente
1166 2210 1371 2279 expressam
1400 2189 1481 2282 quis
1508 2213 1590 2259 sen·

533 2306 629 2388 serit,
648 2317 712 2377 out
728 2305 846 2377 verbis
871 2304 1101 2388 declaratam,
1125 2326 1197 2373 non
1223 2303 1329 2374 modo
1353 2326 1434 2374 eam
1460 2306 1588 2396 probet
1690 2322 1691 2333 ¹

533 2420 638 2503 illico,
656 2421 718 2491 sed
735 2420 835 2512 quasi
858 2441 979 2490 amore
998 2428 1125 2510 captus
1147 2427 1329 2490 attentum
1351 2442 1390 2490 sc
1415 2421 1588 2511 praebent,

532 2545 570 2605 et
587 2557 713 2626 puram
731 2534 864 2604 exinde
880 2533 1024 2604 hauriat
1036 2534 1269 2625 voluptatem.
1304 2535 1534 2627 Quapropter
1548 2535 1588 2604 in

532 2648 594 2719 illo
618 2649 778 2719 laborare
800 2669 873 2717 non
897 2647 1056 2742 segniter
1071 2659 1215 2740 poetam
1232 2650 1422 2741 oportebit,
1438 2659 1482 2720 ut
1498 2650 1589 2720 Sen-

532 2764 664 2837 tentios
688 2786 753 2858 pro
777 2786 817 2835 re
841 2763 980 2847 efferat,
998 2766 1121 2857 quales
1140 2763 1180 2834 in
1197 2764 1273 2836 vita
1296 2766 1528 2858 comprobare
1550 2777 1588 2836 et

531 2882 638 2953 leude
667 2880 833 2975 prosequi
860 2880 1024 2951 velimus.
1077 2880 1207 2974 Neque
1240 2884 1304 2952 hos
1337 2881 1500 2953 novitate
1534 2882 1590 2953 in-

533 3000 662 3094 signes,
678 3010 742 3070 aut
759 3020 866 3089 supra
882 3007 1030 3089 coptum
1046 3020 1273 3067 communem
1290 2997 1488 3090 exquisitos
1511 3022 1589 3069 esse

533 3125 655 3187 curet:
681 3114 851 3208 quoniam
876 3136 919 3183 ea
942 3124 997 3184 est
1014 3109 1144 3207 optimi
1159 3112 1197 3182 in
1215 3136 1357 3207 quoque
1372 3137 1505 3208 genere
1522 3137 1588 3185 na-

532 3241 626 3311 ture,
643 3240 686 3300 ut
709 3252 852 3301 sensum
877 3228 984 3299 feriat
1006 3227 1116 3299 etiam
1142 3226 1380 3317 indoctorum,
1397 3240 1435 3300 et
1451 3231 1589 3301 centies

532 3342 702 3415 iteratum
728 3345 878 3434 placeat,
902 3366 1019 3436 neque
1048 3343 1204 3413 fractum
1233 3353 1343 3416 aetate
1369 3368 1491 3439 neque
1520 3370 1589 3417 usu

532 3456 763 3528 diminutum.

585 3572 682 3643 Hinc
715 3573 849 3643 etenim
879 3574 1120 3665 pulcherrime
1148 3574 1211 3645 illo
1240 3574 1402 3647 Platonis
1437 3578 1591 3661 somnia,

532 3710 614 3781 quae
631 3686 775 3781 quidem
792 3688 838 3759 ad
855 3684 1044 3759 horrentem
1068 3712 1173 3761 suum
1196 3691 1397 3761 ornandum
1421 3690 1591 3763 Ciceroni

456 3798 459 3805 ’
530 3801 722 3875 transferre
734 3802 852 3874 visum
864 3814 930 3887 est,
943 3813 1063 3875 ortum
1076 3805 1231 3887 habeon
1247 3805 1401 3876 formam
1412 3806 1590 3875 nimirum

510 3906 512 3911 ¹
532 3918 716 4012 sapientiae
733 3918 822 3990 adeo
839 3942 916 3991 esse
927 3918 1121 4013 egregiam,
1135 3931 1188 4003 ut,
1200 3921 1231 3991 si
1243 3930 1453 3993 cerneretur
1464 3924 1589 4004 oculis,
