3559 5575
939 84 1067 146 428
1657 76 1899 142 PARS
1947 74 2328 140 TERTIA
2436 76 2664 139 Pur„
2692 75 3101 142 XXXIII.

1112 252 1264 339 Ipse
1292 272 1437 314 suas
1464 262 1737 313 sectatur
1766 269 1935 325 oves,
1967 261 2033 311 at
2058 245 2228 310 filius
2255 268 2487 332 agnos;

1282 353 1375 416 Et
1402 349 1665 415 calidam
1695 349 1861 413 fesso
1887 360 2210 435 comparat
2239 369 2404 410 uxor
2433 369 2689 432 aquam.

1109 456 1212 521 Sic
1242 477 1361 542 ego
1387 451 1530 530 sim,
1561 451 1873 537 liceatque
1902 463 2098 537 caput
2125 449 2494 514 candescere
2522 450 2716 527 canisi,

1288 554 1623 641 Temporis
1653 562 1714 617 et
1729 553 2145 640 priscisacta
2175 553 2421 638 rqfhrre
2440 573 2672 615 senm.
2703 551 2873 616 lbid.
2898 556 3017 624 39-

1034 713 1277 783 Tanta
1309 732 1479 780 vero
1525 719 1636 779 est
1670 708 1969 801 hujusce
2016 704 2430 800 argumenti
2464 705 2595 788 vis,
2631 716 2717 776 ut
2749 706 3078 778 rustica-

933 852 1096 900 rum
1128 849 1369 898 rerum
1402 824 1651 895 laudes
1686 846 1831 893 non
1867 821 2209 917 exiguam
2246 821 2504 916 gratiae
2550 832 2834 914 partem
2883 823 3074 894 inde

935 944 1240 1018 traxisse
1280 951 1554 1033 putem,
1587 939 1806 1032 quod,
1838 962 1957 1010 eas
2008 938 2185 1009 dum
2229 937 2559 1033 legimuS,
2594 938 3069 1031 antiquitatis

934 1062 1240 1132 formam
1277 1057 1605 1128 videmur
1636 1054 1851 1125 simul
1884 1052 2175 1136 intueri,
2209 1063 2286 1124 et
2320 1053 2494 1124 vitae
2527 1076 2755 1147 genus
2801 1054 3063 1125 multis

937 1177 1197 1249 abhinc
1265 1172 1518 1245 seculis
1576 1170 1946 1243 usitatum.
2051 1169 2171 1240 Sic
2229 1169 2309 1239 in
2368 1169 2834 1261 pulcherrimi
2894 1194 3060 1240 car-

937 1291 1151 1362 minis
1216 1289 1426 1360 initio
1482 1311 1626 1358 non
1687 1287 2007 1378 ineptam
2067 1285 2238 1355 hinc
2306 1285 2611 1378 sumpsit
2670 1285 3056 1357 materiam

939 1406 1328 1478 Horatius:
1381 1405 1585 1498 cujus
1620 1402 1954 1496 agricola,

1378 1533 1445 1594 U
1439 1541 1464 1594 t
1482 1532 1708 1617 prisca
1728 1551 1900 1617 gens
1929 1531 2320 1608 mortalium,

1280 1633 1556 1696 Paterna
1586 1654 1738 1695 rura
1766 1630 1977 1695 bobus
2004 1647 2254 1695 exercet
2281 1630 2434 1695 suis·
2610 1633 2824 1696 Eron.
2860 1634 2959 1696 II.

1036 1754 1293 1847 Neque
1328 1753 1536 1825 aliter
1566 1751 1958 1846 Virgilius;
2012 1752 2137 1845 qui
2186 1751 2468 1823 felicem
2521 1752 2856 1847 agricolae
2905 1753 3047 1823 for-

938 1879 1190 1940 tunam
1221 1868 1502 1961 copioso
1536 1867 1851 1939 carmine
1876 1879 2317 1959 prosecutuS,
2345 1870 2598 1940 eodem
2632 1869 2861 1940 ferme
2892 1892 3051 1941 rem

938 1984 1233 2070 claudit,
1266 2008 1410 2078 quo
1443 2008 1740 2057 exorsus
1774 1993 1886 2056 est
1918 1986 2120 2055 alter.

1113 2121 1303 2184 Hanc
1331 2119 1479 2183 olim
1507 2133 1749 2184 veteres
1776 2117 1974 2182 vitam
2002 2118 2253 2183 coluere
2283 2117 2524 2197 Sabini,

1111 2222 1302 2285 Hanc
1331 2223 1577 2286 Remus
1605 2234 1669 2285 et
1695 2221 1924 2285 frater:
1975 2220 2062 2285 sic
2089 2219 2270 2285 fortis
2301 2220 2566 2285 Etruria
2592 2219 2825 2294 crevit;

1116 2323 1363 2388 Scilicet
1391 2337 1455 2389 et
1484 2346 1694 2388 rerum
1724 2324 1893 2388 facta
1919 2337 2015 2388 est
2043 2321 2468 2410 pulcherrima
2496 2324 2728 2388 Roma.

2354 2427 2636 2491 -Gnoaffi
2668 2426 2774 2489 11.
2805 2428 2961 2490 532.

1038 2550 1263 2621 Solito
1314 2552 1605 2644 quidem
1659 2576 1855 2624 more
1901 2554 2017 2624 hic
2070 2577 2240 2625 mox
2287 2554 2382 2625 ad
2415 2555 2735 2626 Deorum
2770 2555 3045 2627 fabulas

936 2666 1319 2738 divertitur
1340 2690 1358 2747 ;
1390 2689 1555 2760 quae
1580 2677 1824 2737 tamen
1853 2670 2094 2740 omnia
2119 2671 2370 2741 eodem
2393 2680 2752 2763 spectant;
2786 2695 3044 2764 nempe

939 2793 1023 2855 ut
1057 2782 1238 2854 ruris
1271 2783 1517 2856 laudes
1558 2808 1700 2855 una
1743 2807 1908 2855 cum
1946 2786 2208 2858 veteris
2254 2786 2394 2857 aevi
2442 2789 3045 2882 contemplatione

941 2901 1356 2995 conjunctas
1389 2925 1920 2995 persequamur.

1112 3049 1280 3112 Ante
1310 3048 1497 3113 etiam
1522 3062 1836 3135 sceptrum
1870 3048 2096 3113 Dictaei
2128 3048 2315 3136 regis,
2347 3064 2412 3114 et
2438 3065 2585 3115 ante

1116 3149 1327 3236 Impia
1352 3173 1543 3237 quam
1574 3150 1748 3215 caesis
1773 3172 1931 3237 gens
1959 3163 2053 3215 est
2081 3151 2338 3238 epulata
2356 3153 2668 3240 juvencis,

1116 3253 1376 3316 Aureus
1406 3252 1565 3317 hanc
1592 3253 1784 3318 vitam
1816 3253 1880 3317 in
1912 3252 2092 3317 terris
2124 3256 2437 3319 Saturnus
2465 3255 2710 3343 agebat.

1115 3353 1407 3417 Necdum
1438 3355 1624 3419 etiam
1652 3354 1981 3420 audierant
2009 3354 2215 3419 inflari
2242 3355 2514 3437 classica,
2549 3355 2819 3421 necdum

1116 3455 1457 3539 Impositos
1485 3458 1662 3522 duris
1690 3457 1996 3545 crepitare
2025 3457 2360 3524 incudibus
2389 3483 2584 3524 enses·

1042 3588 1314 3660 Verum
1360 3600 1445 3660 ut
1479 3614 1573 3661 ex
1619 3594 1809 3687 agris
1856 3593 2153 3664 tandem
2195 3594 2289 3665 ad
2339 3597 2588 3667 urbem
2639 3596 3054 3691 progredia-

943 3729 1127 3788 mur,
1161 3703 1411 3775 eadem
1448 3705 1564 3777 hic
1598 3731 1879 3803 quoque
1915 3719 2024 3780 est
2056 3709 2214 3780 laus
2261 3709 2734 3803 antiquitatis.
2839 3712 3055 3806 Mag-

940 3822 1153 3894 nifica
1209 3844 1379 3893 sane
1437 3831 1548 3894 est
1603 3821 1679 3894 in
1743 3824 2047 3897 AEneide
2101 3824 2297 3897 urbis
2352 3825 2640 3898 Latinae
2697 3836 2773 3899 et
2827 3827 3048 3923 regiae

940 3937 1193 4008 domus
1226 3937 1647 4030 descriptio:
