3559 5575
443 601 465 660 8
724 593 1013 660 PRAELECTIO
1036 593 1207 658 PRIMA.

444 772 560 864 culpae
577 767 684 841 cadit.
735 767 879 861 Ubique
896 776 1040 839 sanctus
1057 777 1124 850 est,
1140 765 1314 852 sincerus,
1330 789 1502 840 remeun-

445 888 524 971 dus,
540 885 631 978 pius.
684 883 812 978 Neque
828 894 908 957 arte
930 882 1056 955 critica
1074 882 1239 955 abutitur
1261 884 1310 955 ad
1330 883 1503 956 imminu-

446 1001 574 1074 endam
593 1001 713 1072 Sacrae
731 1000 925 1094 Scripturoe
946 997 1212 1083 auctoritatem,
1228 1021 1346 1092 neque
1368 1000 1421 1071 ita
1446 1024 1503 1072 re·

446 1117 572 1213 ligioni
588 1127 642 1190 est
660 1117 814 1202 deditus,
830 1125 873 1188 ut
889 1114 1042 1187 liberum
1066 1114 1198 1187 mentis
1220 1139 1297 1187 suae
1319 1113 1499 1211 judicium

447 1245 614 1306 vereatur
629 1235 733 1306 ferre.

499 1351 595 1422 'l'um
613 1351 710 1444 quod
726 1351 773 1422 ad
789 1350 941 1422 formam
961 1348 1079 1443 operis
1101 1360 1210 1443 atque
1233 1349 1405 1422 orationis
1427 1361 1501 1443 sty-

447 1469 522 1539 lum
547 1467 714 1559 pertinet,
731 1466 822 1538 nihil
844 1489 1002 1560 unquam
1025 1465 1097 1538 fuit
1113 1466 1151 1561 in
1175 1468 1244 1537 hoc
1266 1490 1398 1562 genere
1422 1491 1502 1560 per·

447 1584 586 1657 lectius
638 1583 840 1676 Conceptus
857 1583 968 1655 animi
986 1607 1069 1655 cum
1087 1583 1241 1677 grandes
1258 1584 1337 1655 illos
1353 1607 1397 1656 uc
1419 1585 1501 1655 sub-

447 1701 561 1784 limes,
578 1702 706 1794 quibus
729 1701 909 1796 praecipue
932 1723 1008 1772 sese
1028 1699 1184 1771 efferunt
1200 1710 1301 1771 vates
1319 1697 1501 1782 Hebraici,

448 1827 486 1889 et
507 1817 712 1909 repentinos
737 1831 928 1888 commotae
951 1815 1083 1886 mentis
1104 1814 1271 1907 impetus,
1287 1823 1368 1886 tum
1391 1816 1502 1887 etiam

449 1930 626 2002 molliores
638 1934 744 2002 hosce
756 1955 798 2001 ac
812 1930 994 2002 versatiles
1006 1930 1264 2026 cogitationum
1278 1930 1394 2002 flexos
1410 1931 1503 2004 mira

449 2057 527 2118 arte
544 2046 740 2142 indagavit,
758 2058 867 2141 atque
883 2048 932 2118 ad
948 2047 1094 2118 intimos
1111 2071 1235 2119 sensus
1250 2058 1288 2120 et
1304 2048 1503 2140 praecordia

449 2163 619 2256 patefecit
636 2162 787 2234 aditum.
839 2163 883 2235 In
901 2165 969 2234 hac
986 2173 1108 2236 autem
1126 2174 1230 2235 tanta
1250 2187 1371 2236 rerum
1389 2165 1503 2238 varie-

449 2289 525 2350 tate
543 2280 635 2372 stylo
653 2278 769 2351 utitur
785 2279 983 2373 perspicuo,
996 2281 1113 2372 pleno,
1125 2281 1291 2365 rotundo,
1303 2291 1442 2366 ornato,
1455 2281 1502 2352 ad

448 2393 488 2464 id
513 2394 751 2488 quodcunque
776 2394 897 2490 agitur
922 2395 1098 2487 imprimis
1125 2396 1404 2470 accommodato.
1456 2398 1501 2468 In

448 2511 637 2607 praeceptis
654 2510 849 2598 tradendis,
862 2520 918 2583 est
934 2510 1126 2604 aliquando
1139 2511 1256 2582 verbis
1272 2512 1326 2584 ita
1341 2524 1447 2606 aptus
1463 2523 1503 2586 et

448 2648 601 2717 pressus,
618 2627 714 2699 utin
734 2627 772 2699 id
790 2629 905 2700 solum
921 2627 1129 2698 incumbere
1141 2627 1318 2712 videatur,
1335 2651 1383 2700 ne
1399 2628 1503 2721 quid-

449 2765 557 2835 quam
575 2743 701 2816 afferat
715 2753 847 2836 praeter
864 2743 917 2814 rei
930 2742 1190 2815 necessitatem.
1224 2743 1263 2814 Si
1276 2745 1421 2838 quando
1433 2747 1502 2816 lar-

448 2858 529 2952 gius
546 2859 754 2942 effunditur,
771 2869 809 2930 et
825 2860 932 2951 paulo
950 2860 1112 2931 uberiore
1128 2860 1188 2931 filo
1208 2861 1406 2933 orationem
1429 2872 1502 2934 tra-

449 2974 516 3057 hit,
534 2975 623 3046 nihil
640 2985 696 3045 est
711 2975 749 3044 in
767 2974 828 3045 illa
845 2975 1104 3048 sententiarum
1128 3001 1170 3048 ac
1186 2979 1376 3049 verborum
1400 2980 1502 3050 uber-

449 3101 526 3163 tate
542 3091 639 3184 quod
655 3091 844 3183 depastum
862 3093 980 3163 velles.
1032 3093 1192 3165 Solidam
1212 3095 1372 3187 profecto
1392 3096 1502 3179 illam,

450 3208 480 3278 si
497 3207 576 3301 quis
593 3207 695 3291 alius,
713 3218 821 3301 atque
838 3218 1018 3281 austeram
1035 3233 1111 3303 prae
1128 3235 1166 3282 se
1186 3212 1258 3283 fert
1274 3213 1503 3298 suavitatem,

450 3346 531 3416 quae
548 3324 636 3395 dum
655 3323 769 3397 menti
790 3324 896 3396 unice
918 3325 1089 3397 inservire
1106 3326 1281 3411 videatur,
1299 3328 1503 3401 dominetur

450 3442 607 3513 auribus.
659 3443 718 3514 Ita
734 3440 771 3512 in
790 3441 966 3513 immenso
983 3442 1070 3514 artis
1087 3465 1163 3514 suae
1187 3467 1313 3537 campo
1330 3455 1504 3530 versatur,

449 3570 692 3655 utnusquam
723 3570 857 3632 temere
884 3569 1046 3655 vagetur,
1071 3558 1234 3631 flosculos
1262 3561 1382 3633 nescio
1414 3585 1504 3656 quos

450 3700 541 3749 vana
567 3688 605 3749 et
629 3676 758 3770 puerili
781 3675 977 3749 ambitione
1000 3674 1191 3771 colligens;
1217 3675 1270 3748 ita
1284 3678 1503 3772 gravissimis

449 3790 711 3883 reconditisque
741 3791 846 3861 rebus
874 3790 1030 3863 offundit
1058 3790 1225 3886 gratiam,
1252 3802 1294 3863 ut
1323 3792 1504 3885 profluens

450 3906 621 3999 quiddam
638 3928 778 3999 semper
793 3906 924 3978 habeat
940 3915 977 3977 et
995 3930 1179 3979 canorum.

473 4008 584 4093 'Jam
606 4043 703 4109 vero,
724 4019 809 4094 licet
834 4022 941 4093 unius
965 4023 1084 4118 gentis
1109 4023 1257 4116 poesim,
1280 4024 1504 4119 eandemque

450 4162 516 4209 nec
537 4140 673 4232 largam
699 4160 766 4209 nec
791 4138 1026 4232 multiplicem
1050 4139 1119 4211 sibi
1142 4141 1373 4234 assumpserit
1390 4150 1504 4213 mate·

449 4255 551 4339 riem,
568 4265 607 4325 at
624 4276 731 4347 quam
749 4252 903 4328 feliciter
917 4255 1003 4327 inde
1019 4256 1058 4327 in
1075 4267 1201 4348 aperta
1217 4258 1396 4329 universae
1415 4257 1504 4329 artis

449 4370 564 4465 spatia
582 4380 803 4464 prorumpat,
819 4382 957 4465 quanta
973 4372 1010 4443 vi
1026 4396 1069 4444 ac
1086 4372 1286 4445 subtilitate
1306 4373 1505 4447 disserendi

449 4510 572 4561 omnes
589 4488 666 4581 ejus
683 4485 826 4579 penitus
839 4487 1037 4561 excusserit
1048 4510 1208 4572 veneres,
1220 4498 1259 4561 et
1271 4489 1389 4562 fontes
1400 4488 1504 4583 quasi
