3559 5575
99 194 102 204 '
221 189 346 254 Poma.
361 189 445 254 v11.
560 189 625 254 DE
650 190 966 256 IMITATIONE.
1227 192 1293 256 105

97 433 98 438 ,
222 361 302 434 rito
318 361 522 434 detractum
538 361 615 434 fore
626 361 865 451 existimet,si
879 385 1038 456 unquam
1051 361 1090 432 in
1107 363 1177 434 hac
1188 373 1293 456 parte

221 487 388 550 erratum
403 477 524 549 fuerit.
558 477 709 550 Summa
722 479 869 572 quidem
886 501 1029 571 semper
1040 477 1111 549 erit
1122 479 1220 570 apud
1233 500 1293 550 me

221 593 325 665 illius
350 594 421 664 viri
447 593 653 678 auctoritas,
679 617 786 689 quem
812 596 1008 690 aliquando
1032 594 1070 665 in
1102 593 1292 666 sententiis

221 709 464 803 praecipitem,
490 720 732 806 arrogantem,
757 721 1020 793 contumacem,
1046 709 1103 781 sui
1125 710 1291 792 oblitum,

222 847 409 918 nusquam
426 834 549 896 autern
566 848 639 896 non
656 825 781 896 nativa
795 825 917 897 indole
929 837 968 897 et
979 826 1157 897 immensa
1172 824 1289 896 erudi·

222 940 330 1012 tione
348 949 397 1024 et,
414 940 512 1032 quod
534 939 773 1011 eruditionem
796 963 943 1012 omnem
965 950 1124 1033 superat,
1139 940 1178 1010 vi
1202 962 1293 1033 qua-

226 1055 318 1126 dam
335 1078 378 1125 ac
394 1056 520 1126 robore
537 1053 675 1150 ingenii
692 1056 929 1127 excellentem
947 1055 1115 1127 admiror.

283 1169 422 1242 Verum
440 1178 483 1241 ut
500 1170 546 1241 ab
562 1169 779 1242 auctoritate
794 1171 1018 1242 eruditorum
1035 1171 1083 1242 ad
1102 1191 1294 1240 commune

226 1285 420 1358 homiuum
440 1284 621 1381 judicium
647 1307 895 1378 provocemus,
911 1285 999 1378 quid
1024 1285 1141 1379 magis
1162 1283 1295 1356 ridicu·

226 1401 307 1472 lum
325 1423 434 1494 quam
452 1399 576 1493 oppidi
592 1400 747 1472 incolam
765 1401 811 1472 de
827 1424 911 1472 rure
922 1400 1143 1496 garrientem
1156 1398 1293 1483 audire,

229 1525 271 1588 et
286 1515 325 1586 in
342 1516 529 1588 elementis
545 1515 761 1588 rusticarum
779 1539 901 1588 rerum
918 1515 1167 1588 titubantem?
1186 1515 1293 1597 Quod

229 1653 391 1724 unquam
408 1619 550 1724 tur'pius
566 1631 696 1703 vitium
714 1631 933 1702 carminibus
950 1631 1056 1726 objici
1074 1632 1176 1714 solet,
1189 1630 1227 1701 in
1246 1628 1291 1702 iis

231 1744 432 1836 praesertim
449 1767 532 1839 quae
549 1768 597 1816 ex
616 1755 806 1838 prospectu
828 1755 969 1816 naturae
993 1756 1032 1816 et
1048 1743 1190 1816 ardenti
1212 1745 1292 1839 ejus

233 1881 354 1931 amore
370 1871 458 1931 nata
474 1883 550 1932 esse
573 1861 799 1953 profitentur,
815 1882 927 1953 qnam
948 1860 980 1930 si
1001 1860 1212 1952 scriptorem
1234 1881 1292 1930 res

233 1973 325 2059 illas,
337 1999 427 2068 quas
442 1985 519 2046 tam
536 1975 698 2067 impenso
714 1975 801 2047 colit
818 1975 949 2061 studio,
961 1997 1080 2068 neque
1095 1997 1200 2046 nosse
1215 1995 1292 2045 om-

235 2090 322 2161 nino
347 2090 574 2174 convincant,
598 2111 716 2182 neque
740 2089 893 2182 propriis
919 2111 1079 2181 unquam
1104 2087 1217 2160 oculis
1237 2087 1294 2158 vi·

236 2205 360 2278 disse?

287 2320 385 2404 Quin
403 2321 509 2392 rebus
525 2319 612 2413 ipsis
628 2317 772 2390 intersit
789 2318 934 2390 sedulus
951 2315 1143 2390 Musarum
1159 2319 1293 2391 cultor:

234 2436 354 2531 sylvas
379 2435 570 2530 exquirat3
598 2458 659 2506 rus
684 2435 910 2518 obambulet;
944 2437 1086 2522 coelum,
1111 2458 1155 2506 ac
1179 2433 1294 2506 maria

233 2553 518 2644 contempletur;
535 2560 792 2644 tempestatum
810 2560 914 2622 notet
924 2550 1135 2634 varietatem
1151 2550 1293 2623 diversa

233 2667 474 2742 animantium
508 2667 624 2738 discat
657 2689 802 2761 genera,
828 2666 947 2738 varios
980 2667 1136 2751 habitus,
1163 2689 1292 2751 mores,

231 2795 368 2881 gestus,
394 2782 559 2879 ingenia;
585 2782 709 2854 omnia
740 2782 897 2878 denique
925 2783 1121 2878 investiget
1149 2795 1293 2855 naturoe

231 2900 429 2980 miracula3
454 2898 505 2969 sic
521 2898 667 2969 demum
685 2921 733 2969 ex
749 2897 901 2993 integris
917 2898 1076 2968 fontibus
1098 2922 1208 2989 puros
1230 2900 1294 2971 de-

231 3018 346 3088 ducet
361 3016 532 3093 haustus3
558 3024 596 3083 et
613 3012 644 3082 si
660 3012 749 3104 quid
765 3036 813 3083 ex
834 3014 892 3083 his
914 3012 1041 3104 opibus
1062 3013 1110 3082 ad
1133 3014 1293 3106 proprios

232 3154 323 3203 usus
348 3127 553 3209 transferat,
578 3149 651 3197 non
676 3126 714 3198 id
741 3128 810 3199 erit
834 3127 1007 3222 frigidum
1035 3138 1074 3197 et
1098 3130 1293 3212 exoletum,
1394 3208 1402 3223 ·

231 3268 309 3317 non
326 3256 501 3338 tanquam
518 3242 556 3311 in
574 3242 675 3313 fumo
692 3241 870 3312 nutritum
890 3266 934 3313 ac
956 3242 1131 3335 squalore,
1154 3243 1218 3313 aed
1242 3244 1295 3314 vi-

232 3384 324 3431 vum
340 3383 417 3452 prae
434 3382 472 3430 se
488 3358 581 3429 feret
596 3355 820 3452 sanguinem,
837 3368 875 3430 et
888 3380 1013 3429 rerum
1029 3358 1187 3431 robustae
1199 3360 1293 3433 vale·

234 3476 374 3549 tudinis
390 3497 538 3549 succum
554 3483 591 3547 et
608 3474 772 3545 colorem
