3559 5575
238 105 356 170 Pano.
373 103 502 170 XXII.
568 104 634 170 DE
657 103 973 172 annuemus.
1234 113 1300 177 285

238 277 393 350 dicentis
419 277 662 373 conjungitur,
688 278 865 372 copiosius
890 281 1128 374 persequendi
1155 295 1301 378 tempus

237 393 336 464 alind
356 393 472 490 maffl‘s
488 393 658 466 idoneum
676 394 833 468 dabitur.

291 509 404 582 Multi
430 509 569 581 interea
598 511 745 581 suntin
776 513 845 583 hac
874 535 915 583 re
940 511 1115 608 'l'rngoedi
1138 523 1299 586 veteres:

240 648 353 718 quum
371 637 410 697 et
426 628 606 697 luctuosas
622 649 680 697 res
697 627 823 698 deceat
840 629 1105 721 quodammodo
1124 631 1205 700 haec
1227 652 1301 699 sor·

239 739 288 811 tis
301 743 472 812 humunae
485 740 688 824 aestimatio,
701 752 739 813 et
751 743 787 812 in
806 741 976 813 maximis
994 727 1145 814 miseriis
1162 741 1301 814 effundi

240 855 342 942 talia,
359 855 466 926 nimis
482 855 617 949 alioqui
634 878 768 941 severa,
785 880 857 928 non
875 858 922 929 sit
937 856 1189 930 inhumanum.

330 995 378 1056 Ta
393 993 510 1072 θνητθθ
526 996 556 1055 οὐ
570 998 615 1055 νῦν
629 999 735 1078 πρῶτον
749 999 871 1077 ἡγοῦμαι
886 993 981 1059 σκιάν·

331 1095 400 1158 ool
416 1091 451 1157 ιθν
465 1093 568 1180 τρίτας
582 1092 698 1175 εἴποιμι,
712 1096 775 1169 τοὺς
790 1095 888 1176 σοροὺς
905 1098 1013 1181 βροτῶν

332 1201 493 1270 Δοκοῦντας
509 1195 588 1273 clear,
605 1197 653 1258 καί
667 1201 837 1283 μνριμνητὰς
852 1198 958 1281 λόγων,

330 1297 452 1370 Τούτους
465 1295 606 1379 μεγίατην
618 1297 727 1381 μωρίαν
742 1299 933 1378 ὀφλισκάνειν.

330 1403 448 1476 &mciv
462 1401 521 1484 γὰρ
536 1401 619 1472 οὐδεὶς
634 1401 710 1462 ἐστίν
725 1399 861 1482 εὐδαίμων
875 1403 953 1488 ἁνήρ·

325 1498 440 1576 Ὀλβου
455 1501 477 1562 θ’
493 1500 670 1587 ἐπιρριίεντος,
687 1501 887 1587 νῦτυχθττνρος

326 1601 440 1666 'Auso
450 1601 551 1686 γίνοιτ’
560 1600 595 1666 dv
606 1600 705 1681 ἄλλος,
715 1601 852 1681 αὐδαίμαν
862 1600 928 1666 θάίν
936 1601 976 1666 οὔ.
992 1603 1082 1668 Eun.
1092 1605 1191 1670 Mul).
1204 1607 1299 1670 lm.

171 1713 175 1720 ¹
246 1731 341 1802 Haec
362 1731 496 1803 scilicet
513 1741 593 1824 post
610 1741 791 1802 narratam
815 1732 964 1803 Glaucae
984 1743 1023 1803 ct
1039 1729 1207 1804 Creontis
1221 1755 1302 1826 per·

244 1846 376 1918 niciem
403 1848 587 1943 subjungit
609 1848 783 1930 nuncius;
809 1859 846 1918 et
863 1848 902 1918 in
926 1846 1035 1925 simili
1059 1849 1135 1922 fere
1155 1849 1303 1920 fortuna

245 1963 417 2036 miserum
432 1964 580 2035 familiae
597 1987 672 2034 suae
688 1963 805 2034 fatum
821 1963 968 2035 Electra
979 1966 1106 2058 lugens
1123 1962 1162 2034 in
1178 1965 1304 2059 hujus-

246 2079 344 2152 modi
361 2081 519 2150 lomenta
535 2078 757 2170 prorumpit:

376 2205 434 2284 '1d,
451 2205 492 2284 ld,
508 2205 678 2292 πανδάκρυτ’
693 2205 836 2290 ἐφαμέρων
852 2205 909 2280 ἔθνη

378 2307 550 2372 Πολύστονᾶ
565 2332 596 2369 τε
611 2309 641 2384 δὴ
657 2307 705 2370 καί
721 2306 875 2384 πολύπονα,
892 2305 1029 2384 λεύσσεθ’,
1045 2309 1080 2380 ὥς
1093 2309 1159 2394 παρ’
1175 2309 1275 2370 larido

379 2413 475 2498 Μαῖρα
490 2409 591 2490 βαίνει·

371 2511 481 2599 Ἕτερα
496 2515 517 2575 θ’
533 2511 633 2597 ἑτέροις
647 2511 797 2594 ἀμείβεται

380 2616 496 2698 Πήματ’
512 2617 539 2677 ἓν
551 2614 646 2700 χρθνιρ
659 2617 773 2698 μακρῷ,

379 2721 489 2802 Βρατῶν
503 2717 525 2778 θ
541 2721 555 2779 θ
569 2719 625 2791 ταῖς
641 2712 819 2799 ἀστάθμητος
834 2713 910 2778 aloia
1036 2714 1167 2779 Ouer-
1181 2712 1258 2782 978.

250 2847 353 2919 Mille
369 2845 502 2918 adferri
518 2855 662 2937 possent
678 2868 726 2916 ex
743 2842 920 2935 Euripide
936 2858 976 2915 et
992 2844 1167 2936 Sophocle
1184 2867 1306 2917 exem·

248 2965 320 3057 pla,
331 2984 414 3056 quae
426 2960 463 3031 in
475 2960 599 3032 eodem
614 2968 827 3054 argumento
837 2969 1039 3041 versantnr;
1051 2960 1149 3052 quod
1161 2961 1306 3033 tametsi

248 3075 335 3148 novi
348 3074 440 3145 nihil
452 3074 582 3144 habeat
592 3073 630 3142 in
641 3095 679 3142 se
691 3082 757 3143 eut
766 3070 926 3163 speciosi,
937 3072 1076 3165 quoties
1086 3083 1208 3144 tamen
1222 3073 1307 3166 apte

250 3194 456 3272 collocatur,
472 3188 670 3281 paullulum
689 3187 795 3258 modo
813 3186 929 3258 verbis
945 3196 1010 3257 out
1026 3187 1223 3282 imaginum
1245 3187 1307 3259 de·

250 3311 347 3380 lectu
369 3307 615 3386 immutatum,
633 3302 745 3374 tacita
761 3302 918 3396 quadam
934 3305 1120 3396 voluptate
1136 3304 1308 3397 perstrin-

251 3423 306 3519 git
323 3422 494 3494 animum.
546 3419 654 3502 Quod
678 3419 824 3512 quidem
850 3429 929 3490 tum
955 3420 1154 3512 praesertim
1180 3422 1253 3504 liet,
1276 3420 1307 3492 si

251 3538 396 3632 quando
417 3538 464 3608 od
484 3534 734 3608 consolationis
755 3543 820 3606 aut
836 3534 974 3606 consilii
997 3547 1117 3629 partes
1140 3537 1308 3609 adhibea-

250 3665 332 3727 tur:
359 3656 465 3747 quale
482 3663 537 3724 est
553 3651 645 3724 illud
663 3651 794 3724 Thesei
812 3652 850 3722 in
871 3652 1111 3745 Supplicibus,
1128 3651 1191 3725 ubi
1209 3654 1308 3725 Pro-

250 3769 332 3842 coni
345 3769 520 3840 Thebano
536 3767 582 3839 de
599 3778 823 3839 mortuorum
841 3770 1026 3861 sepultura
1042 3769 1246 3861 respondet.

336 3881 461 3945 Ἐἇσατ”
476 3881 522 3959 ἤδη
537 3886 576 3966 γῇ
592 3882 762 3965 καλυφθῆναι
777 3880 896 3967 ννιιραίς.

333 3982 419 4045 Ὅθεν
433 3985 454 4045 θ’
470 3981 590 4047 ἕκαστον
604 3988 641 4058 νίς
655 3983 687 4046 τθ
702 3983 775 4065 σῶμ’
789 3981 918 4066 ἀμίαντα,
