3559 5575
1116 359 1696 426 PRAELECTIO
1744 361 2215 426 SECUNDA.
2635 363 2716 426 21

602 529 922 631 agrestes
965 544 1346 607 tenentur:
1399 534 1474 606 in
1517 533 1629 606 his
1665 533 2096 606 haerentium
2130 533 2719 628 stupentiumque

603 651 868 722 blanda
899 651 1211 745 quadam
1246 652 1615 742 voluptate
1649 649 2189 744 perfunduntur
2222 648 2467 720 animi.
2570 650 2721 721 Ne-

605 791 745 859 que
796 766 873 838 id
923 769 1290 839 oculorum
1341 768 1520 838 adeo
1569 776 1681 838 est
1727 766 2144 860 proprium:
2199 789 2449 837 verum
2484 772 2559 836 et
2593 789 2720 836 au-

603 883 792 954 rium
827 882 1405 978 reliquorumque
1440 906 1803 966 sensuum,
1838 881 2381 975 quibuscunque
2416 894 2717 953 externa

605 998 700 1069 ad
734 997 1054 1069 animum
1088 999 1282 1069 intro
1318 998 1732 1080 mittuntur,
1766 998 2018 1068 eadem
2053 1007 2164 1068 est
2191 997 2396 1068 ratio.
2500 995 2717 1066 Unde

606 1114 702 1184 ad
751 1136 1034 1185 morum
1092 1112 1311 1186 etiam
1372 1113 1850 1187 imitationem
1911 1125 2127 1208 atque
2197 1138 2483 1185 omnem
2543 1114 2716 1185 vitae

604 1228 996 1325 imaginem
1042 1229 1466 1302 intuendam
1516 1231 1886 1302 transitur.
1988 1231 2173 1311 Quae
2208 1230 2267 1301 si
2303 1233 2484 1302 bene
2517 1240 2592 1301 et
2624 1230 2717 1300 ad

603 1367 848 1418 rerum
883 1345 1196 1438 ipsarum
1235 1346 1450 1417 fidem
1485 1345 1632 1416 sint
1657 1357 1939 1430 exacta,
1967 1345 2125 1439 quis
2159 1356 2379 1440 negat
2392 1347 2721 1442 jucunda

603 1461 758 1531 fieri
780 1461 815 1531 Ρ
852 1461 1090 1544 Quem
1125 1484 1269 1531 non
1304 1472 1499 1532 recte
1535 1470 1813 1531 morata
1845 1460 2109 1543 fabula,
2132 1459 2209 1530 in
2245 1483 2388 1554 qua
2421 1460 2718 1555 singulis

604 1577 963 1663 oetatibus,
997 1576 1337 1671 personiS,
1374 1576 1741 1648 ordinibus
1792 1601 1943 1647 suae
1989 1576 2408 1648 tribuuntur
2455 1586 2718 1670 partes,

604 1701 690 1762 ut
723 1702 988 1764 caetera
1032 1693 1269 1764 desint
1303 1716 1468 1786 quae
1512 1692 1587 1762 in
1636 1691 1833 1785 poesi
1877 1692 2288 1786 quaerimus,
2321 1691 2718 1786 ingenium,

604 1820 989 1902 conceptus
1040 1810 1441 1894 nobiliores„
1492 1809 1948 1879 fortunarum
2003 1807 2214 1895 viceS,
2263 1817 2505 1879 tamen
2567 1809 2717 1879 sola

604 1924 1028 1998 imitationis
1065 1927 1136 1997 vi
1170 1927 1362 2020 capit
1396 1929 1587 1998 ultro
1621 1937 1696 1998 et
1731 1927 2040 1997 delectat
2061 1926 2095 1996 P

705 2043 918 2124 Quod
961 2043 1101 2114 nisi
1141 2044 1484 2114 accedant
1527 2043 1668 2114 alia
1719 2066 2001 2136 quoque
2055 2041 2228 2113 artis
2275 2042 2717 2136 adjumenta,

602 2159 742 2228 hoc
776 2159 980 2230 tenui
1016 2158 1210 2230 victu
1256 2182 1458 2229 mens
1503 2159 1624 2228 diu
1674 2159 2009 2229 sustineri
2055 2158 2331 2250 nequit,
2364 2169 2439 2229 et
2473 2159 2719 2228 robus-

605 2272 794 2342 tiora
843 2273 1170 2367 flagitat3
1217 2296 1478 2363 nempe
1530 2284 1614 2344 ut
1657 2275 1959 2344 affectus
2013 2284 2458 2355 moveantur,
2493 2284 2578 2344 ut
2610 2272 2721 2344 in·-

607 2387 1010 2457 cendantur
1043 2385 1432 2468 interdum,
1467 2394 1595 2455 aut
1622 2386 2011 2480 agitentur,
2037 2392 2166 2456 aut
2192 2397 2401 2457 extra
2426 2411 2500 2458 se
2533 2389 2722 2480 rapi-

607 2512 830 2573 antur
877 2525 1159 2584 sensus;
1212 2524 1377 2596 quae
1411 2500 1648 2572 omnia
1683 2501 1745 2571 si
1777 2501 2160 2583 defuerint,
2195 2501 2340 2573 cito
2371 2504 2719 2598 languent

604 2619 1055 2691 audientium
1091 2618 1336 2701 animi,
1372 2628 1446 2689 et
1480 2618 1743 2689 frustra
1778 2627 2084 2710 poscunt
2109 2619 2381 2712 aliquid
2412 2620 2608 2714 quod
2641 2645 2716 2693 se

602 2737 871 2809 alacres
905 2747 979 2809 et
1014 2745 1286 2809 erectos
1320 2734 1596 2807 reddat.
1701 2735 1867 2819 Quo
1908 2735 2135 2831 magis
2180 2735 2398 2808 miror
2443 2736 2517 2808 id
2567 2739 2718 2811 cui·-

603 2872 822 2944 quam
875 2851 952 2923 in
1005 2861 1324 2922 mentem
1371 2850 1671 2933 venisse,
1713 2862 1799 2922 ut
1850 2852 2151 2923 sentiret
2204 2862 2430 2923 totam
2483 2864 2714 2927 artem

602 2988 819 3061 quam
881 2976 1277 3038 tractamus
1335 2987 1431 3036 ex
1487 2968 1624 3037 hoc
1684 2966 1884 3037 fonte
1940 2977 2138 3038 recte
2197 2966 2716 3042 deducendam.

605 3083 749 3154 Sed
800 3082 890 3154 de
940 3084 1077 3154 hoc
1125 3084 1424 3175 posthac
1458 3080 1853 3152 videndum
1888 3082 2050 3164 erit,
2086 3084 2373 3175 quando
2419 3108 2505 3155 ea
2550 3107 2715 3179 quae

605 3198 969 3292 praecipue
995 3198 1087 3268 ad
1120 3200 1306 3268 hanc
1342 3195 1572 3289 operis
1603 3208 1885 3289 partem
1914 3197 2277 3289 pertinent
2303 3199 2715 3295 diligentius

605 3337 1138 3408 persequemur.
1241 3313 1459 3383 Nunc
1493 3313 1585 3383 ad
1623 3312 2066 3404 propositum
2101 3314 2495 3386 redeamus.

712 3430 909 3501 Huic
955 3428 1181 3524 igitur
1225 3428 1636 3522 proximum
1682 3428 2199 3500 constituemus
2250 3445 2487 3523 caput,
2523 3431 2716 3526 quod

604 3545 682 3617 in
720 3545 1089 3618 movendis
1123 3544 1497 3616 affectibus
1531 3542 1980 3616 continetur:
2017 3545 2142 3639 qui
2174 3547 2393 3631 locus,
2421 3572 2516 3619 ex
2539 3571 2719 3644 qua-

606 3674 773 3735 tuor
804 3663 892 3734 iis
926 3663 998 3733 in
1036 3684 1212 3755 quos
1237 3660 1468 3733 omnis
1492 3660 1722 3733 divisa
1755 3672 1867 3733 est
1892 3662 2223 3734 materies
2250 3665 2565 3736 maxime
2590 3689 2717 3738 na·

607 3789 846 3851 turam
880 3778 1179 3872 attingit
1213 3779 1624 3849 humanam.
1702 3777 1889 3849 Cum
1923 3778 2142 3871 priori
2176 3791 2371 3853 certe
2404 3792 2513 3853 est
2549 3806 2716 3854 con·

597 3899 898 3990 junctus
923 3895 1472 3989 quodammodo,
1498 3917 1730 3988 neque
1763 3892 1869 3965 ita
1896 3904 2138 3965 tamen
2174 3897 2596 3992 conjunctus
2629 3912 2717 3977 ut

609 4031 752 4082 non
781 4010 1115 4082 facillime
1141 4011 1232 4080 ab
1250 4009 1373 4081 illo
1399 4008 1709 4102 separari
1734 4009 1974 4103 possit.
2036 4012 2492 4106 Quamquam
2522 4018 2724 4105 enim

610 4128 1086 4199 humanorum
1140 4150 1434 4198 casuum
1487 4138 1560 4198 et
1606 4127 1998 4199 affectuum
2040 4126 2443 4201 imitatione
2490 4153 2739 4241 nostri

609 4241 953 4315 acerrime
985 4253 1527 4315 commoventur
1559 4243 1881 4327 affectuS,
1914 4254 2156 4315 tamen
2194 4245 2517 4337 superius
2558 4288 2776 4414 RQ&

1599 4377 1644 4428 c
1685 4363 1730 4429 3
