3559 5575
51 1314 63 1360 -„
51 883 65 1307 *ww-*ww—
53 815 56 871 -ᾼΑ
53 767 56 796 -

1068 236 1204 300 284
1750 230 2013 296 ‘PARS
2059 229 2509 295 SECUNDA
2670 230 2906 295 Pur..
2967 224 3372 294 XXII.

1171 406 1430 500 Neque
1478 403 1839 500 elegantia
1883 403 2318 476 carminibus
2361 403 2592 487 deest,
2628 424 2865 498 neque
2917 412 3380 476 senten-

1069 521 1191 593 tiis
1227 521 1489 592 veritas
1518 545 1536 591 z
1588 520 1715 591 sed
1746 522 1961 615 longe
1996 520 2136 591 alio
2170 543 2382 591 sensu
2414 520 2577 589 haec
2610 520 2804 591 dicta
2836 545 3075 592 esse
3151 520 3367 611 opi-

1068 659 1223 719 nor,
1258 645 1477 729 atque
1510 635 1632 705 illa
1667 657 1833 727 quae
1866 635 2058 706 inter
2091 644 2455 727 praecepta
2490 634 2581 705 de
2614 636 3035 728 pecudum
3110 663 3381 709 cura

1067 750 1428 845 interjecit
1448 750 1796 845 Virgilius
1823 774 1842 832 ;
1876 761 1951 820 et
1976 774 2144 844 quae
2169 750 2576 847 significant
2600 736 2839 843 potius
2874 764 3373 826 mentem

1068 877 1303 960 poetae
1339 865 1597 936 misera
1629 876 1820 936 sorte
1856 866 2059 961 tangi
2095 866 2531 949 mortalium,
2557 889 2774 960 quam
2809 868 2916 938 ad
2955 869 3378 941 inanes

1068 992 1363 1076 questus
1396 981 1780 1075 proclivem
1818 982 2012 1053 ferri.

1244 1141 1508 1228 Optima
1533 1164 1807 1229 quaeque
1835 1140 1969 1205 dies
1998 1138 2238 1207 miseris
2266 1138 2638 1205 mortalibus
2665 1140 2785 1205 aevi

1247 1243 1465 1308 Prima
1489 1243 1692 1332 fugit:
1737 1243 2013 1308 subeunt
2044 1241 2274 1320 morbi,
2305 1241 2626 1329 tristisque
2655 1257 2955 1310 senectus
2985 1269 3020 1309 τ

1242 1348 1337 1412 Et
1362 1345 1561 1425 labor,
1591 1359 1655 1411 et
1682 1346 1863 1409 durae
1891 1344 2057 1432 rapit
2083 1343 2482 1410 inclementia
2509 1344 2744 1408 mortis.

2505 1445 2779 1510 Gnonc.
2811 1447 2966 1511 111.
3032 1449 3225 1516 66.

1172 1596 1590 1679 Quinetiam
1623 1618 1906 1667 summa
1940 1597 2058 1667 illa
2094 1620 2238 1690 qua
2269 1596 2535 1691 ubique
2579 1597 2810 1667 utitur
2848 1622 3351 1675 verecun-

1068 1712 1194 1784 dia
1226 1710 1611 1810 Virgilium
1645 1734 1791 1782 non
1826 1691 2178 1805 prohibet,
2205 1736 2349 1807 quo
2386 1712 2620 1785 minus
2651 1713 2726 1783 in
2761 1715 3351 1808 gravissimo

1072 1850 1311 1900 rerum
1344 1826 1776 1911 discrimine,
1802 1827 1954 1920 ipse
1981 1852 2231 1901 vocem
2265 1831 2496 1915 tollat,
2522 1839 2597 1901 et
2624 1831 3064 1903 socordiam
3113 1858 3335 1906 ‹xe-

1073 1941 1508 2036 citatemque
1543 1944 1935 2015 humanam
1969 1943 2255 2020 defleat.

1245 2107 1474 2173 Nescia
1501 2129 1678 2171 mens
1704 2107 2032 2171 hominum
2065 2107 2179 2174 fati
2212 2108 2523 2194 sortisque
2550 2108 2811 2184 futurae,

1243 2212 1338 2275 Et
1365 2232 1611 2275 servare
1639 2210 1926 2288 modum,
1957 2211 2148 2275 rebus
2177 2211 2425 2276 sublata
2454 2208 2775 2274 secundis!

1248 2312 1478 2376 Turno
1506 2326 1758 2399 tempus
1786 2311 1926 2390 erit,
1956 2334 2189 2400 magno
2216 2335 2361 2376 cum
2392 2311 2705 2400 optaverit
2730 2323 3029 2396 emptum

1115 2476 1124 2481 .
1247 2414 1568 2479 Intactum
1602 2414 1913 2494 Pallanta,
1944 2427 2008 2479 et
2037 2437 2181 2479 cum
2214 2412 2414 2501 spolia
2439 2413 2561 2478 ista
2586 2414 2884 2499 diemque

1246 2514 1508 2579 Oderit!
2535 2526 2544 2534 ‘

1171 2668 1525 2763 MaJorem
1571 2669 1807 2741 adhuc
1843 2671 1988 2742 vim
2034 2671 2402 2741 habebunt
2448 2692 2613 2763 quae
2665 2669 2758 2740 de
2806 2678 3003 2740 sorte
3066 2670 3240 2739 hu-

1071 2806 1284 2855 mana
1335 2783 1686 2870 dicentur,
1734 2788 1796 2857 si
1845 2812 2012 2860 cum
2059 2789 2338 2860 actione
2390 2788 2466 2857 in
2518 2809 2745 2857 unum
2789 2796 3085 2868 coeant,
3138 2795 3229 2857 et

1072 2920 1303 2971 mores
1385 2901 1725 2995 principis
1794 2903 2096 2998 alicujus
2165 2903 2303 2974 viri
2366 2902 2787 2974 illustriores
2853 2902 3219 2973 reddant-

1070 3015 1698 3099 Quemadmodum
1730 3019 1856 3090 illa
1896 3019 2349 3111 SarpedoniS,
2384 3020 2643 3113 quibus
2690 3018 3048 3089 Glaucum
3106 3016 3216 3087 ad

1069 3156 1389 3229 pugnam
1421 3135 1705 3207 fortiter
1737 3136 2246 3227 capessundam
2282 3135 2502 3206 acuit.

1231 3313 1322 3377 Ὠ
1347 3317 1537 3398 πέπον,
1570 3322 1614 3380 εἴ
1639 3318 1743 3401 μὲν
1771 3321 1889 3404 γὰρ
1918 3318 2159 3400 πόλεμον
2186 3319 2307 3403 περὶ
2338 3318 2487 3381 τόνδε
2518 3316 2803 3402 φυγόντες,

1242 3418 1362 3480 Ate}
1394 3421 1453 3496 δὴ
1480 3419 1784 3499 μέλλοιμεν
1813 3420 2010 3505 ἁγῆρω
2040 3423 2090 3482 τ’
2121 3420 2382 3482 ἀθανάτω
2409 3445 2472 3482 τε

1232 3516 1530 3596 'Eoo-⁸562
1559 3519 1681 3583 οὔτε
1713 3547 1805 3584 κεν
1835 3522 1999 3594 αὐτὸς
2029 3522 2101 3583 ἐνὶ
2131 3520 2397 3606 πρώτοισι
2427 3519 2744 3606 μαχοίμην,

1239 3616 1395 3683 Οὔτε
1424 3620 1490 3682 κέ
1518 3646 1584 3683 σε
1612 3621 1908 3702 στέλλοιμι
1932 3622 2133 3709 μάχην
2164 3625 2215 3697 ἐς
2245 3622 2603 3709 κυδιάνειραν·

1243 3724 1365 3783 Νῦν
1393 3723 1437 3783 δ’
1467 3716 1637 3804 ἔμπης
1666 3727 1786 3810 γὰρ
1817 3730 1972 3805 κῆρες
2002 3728 2303 3805 ἐφεστᾶσιν
2333 3723 2586 3789 θανάτοιο

1243 3822 1484 3908 Μυρίαι,
1505 3821 1580 3910 ,ἃς
1612 3829 1712 3889 οὐκ
1742 3824 1862 3889 ἔστι
1891 3830 2083 3911 φυγεῖν
2112 3828 2337 3914 βςοτόν,
2367 3828 2472 3888 οὐδ’
2503 3825 2813 3904 ὑπαλύξαι,

1231 3924 1442 4005 Ἴομεν,
1470 3930 1530 4006 ἤι’
1553 3954 1634 4014 τῳ
1665 3928 1833 4015 εὖχος
1862 3928 2138 4016 ὀρέξομεν,
2171 3928 2230 4005 ἦέ
2259 3955 2337 4003 τις
2370 3932 2513 4010 ἡμῖν.
2696 3929 2795 3993 IL.
2820 3932 2909 3991 M.
2942 3929 3093 3993 322.

1076 4106 1340 4174 Verum
1400 4106 1580 4170 hanc
1632 4102 2037 4194 argumenti
2097 4118 2393 4190 partum,
2441 4097 2601 4190 quae
2653 4126 2813 4170 cum
2865 4102 3169 4170 marim.
