3559 5575
922 120 1055 188 874·
1670 115 1910 179 PARS
1956 113 2337 178 TERTIA
2441 113 2706 176 ‘Piumss
2742 114 3087 177 XXIX.

1098 287 1388 353 Tandem
1424 287 1664 350 Bruma
1692 286 1868 351 nives
1896 285 2127 363 adfert,
2156 283 2544 372 pigrumque
2572 283 2846 370 rigorem

1096 388 1362 465 Reddit,
1396 389 1648 478 Hyems
1676 388 1991 475 sequitur,
2023 387 2336 474 crepitans
2361 408 2436 449 ac
2465 383 2765 449 dentibus
2785 385 3054 472 Algus.

2345 489 2660 552 Lucnss'r.
2692 489 2774 555 V.
2805 487 2973 555 736.

1006 628 1355 701 Omnium
1383 639 1625 700 autem
1655 636 2012 721 quotquot
2032 625 2107 696 in
2136 627 2272 697 hoc
2299 648 2563 721 genere
2589 624 3079 696 recitaverim

923 768 1301 817 commune
1335 745 1515 817 illud
1547 744 1711 829 fuit,
1748 756 1832 814 ut
1865 766 2018 815 rem
2055 737 2288 812 oculis
2321 742 2534 813 modo
2569 740 3074 813 hauriendam

922 861 1125 955 quasi
1160 861 1233 930 in
1273 861 1555 954 pictura
1588 862 1982 953 praebeant‚
2019 882 2185 929 cum
2221 869 2465 930 tamen
2504 860 2734 929 multa
2780 859 3075 953 allego-

922 977 1069 1050 rice
1104 978 1369 1049 adferri
1393 978 1691 1071 possint,
1716 1000 1882 1070 quae
1917 975 2342 1068 neutiquam
2376 973 2451 1045 in
2487 973 2791 1067 picturae
2823 974 3070 1045 ratio-

926 1116 1093 1164 nem
1156 1094 1447 1165 cadunt.
1552 1092 1810 1185 Neque
1860 1101 2103 1162 tamen
2159 1089 2690 1183 simplicitatem
2735 1092 2898 1184 jam
2963 1113 3070 1162 ea

925 1220 1169 1281 mente
1203 1211 1448 1302 probo,
1472 1233 1615 1303 qua
1649 1206 1973 1300 superius
2008 1216 2303 1278 cautum
2330 1215 2462 1291 est,
2488 1229 2580 1277 ne
2613 1206 2692 1276 in
2716 1205 3065 1277 Deorum

924 1323 1517 1418 descriptionibus
1542 1324 1839 1395 nimiam
1867 1333 2081 1415 poeta
2105 1323 2476 1415 impendat
2493 1345 2806 1415 operam.
2855 1322 3062 1405 Quae

924 1441 1115 1512 enim
1169 1442 1499 1533 proxima
1547 1439 2004 1532 praelectione
2047 1440 2241 1511 dicta
2275 1451 2444 1510 sunt
2478 1463 2564 1511 eo
2597 1440 3060 1532 spectabant,

925 1580 1015 1628 ne
1056 1556 1216 1651 quis
1262 1557 1660 1649 phantasiae
1695 1556 1844 1626 vim
1898 1566 2235 1627 accurata
2283 1555 2498 1626 nimis
2543 1553 2923 1649 diligentia
2967 1563 3056 1624 et

924 1674 1191 1745 diserta
1260 1674 1649 1744 admodum
1719 1673 2198 1766 descriptione
2251 1673 2749 1769 restingueret.
2878 1673 3056 1743 Hoc

925 1799 1165 1861 autem
1203 1789 1558 1885 allegoriae
1590 1813 1819 1885 genus
1855 1813 2308 1883 nequaquam
2343 1792 2575 1861 lucem
2605 1789 2835 1884 fugit:
2874 1813 3055 1860 ocu-

924 1907 1028 1977 los
1080 1907 1309 2001 magis
1360 1930 1576 2000 quam
1628 1906 1921 1978 intimos
1976 1906 2200 1977 animi
2254 1930 2501 1978 sensus
2560 1905 2858 1998 arripit:
2928 1905 3052 1976 his

924 2034 1168 2094 autem
1203 2047 1280 2095 se
1315 2023 1770 2094 commendat
1796 2023 2047 2095 eodem
2083 2047 2226 2117 quo
2258 2023 2567 2115 pictores
2601 2024 2832 2092 solent
2867 2022 3053 2093 arti-

924 2140 1128 2211 ficio:
1182 2151 1470 2212 tantum
1530 2139 1607 2211 id
1658 2140 1904 2212 sedulo
1957 2138 2371 2222 videndum,
2423 2162 2516 2209 ne
2566 2141 2684 2209 vel
2733 2139 3047 2231 picturae

924 2256 1337 2350 egrediatur
1387 2256 1584 2338 fines,
1637 2257 1851 2327 turba
1900 2278 2142 2326 rerum
2193 2265 2409 2327 utens
2465 2255 2765 2326 confusa
2818 2265 3047 2348 atque

923 2372 1316 2456 incondita,
1354 2373 1539 2443 male
1574 2371 1650 2441 in
1687 2395 1914 2441 unum
1950 2395 2205 2465 corpus
2241 2369 2679 2442 coeuntium.

1022 2486 1138 2555 Ac
1182 2486 1421 2556 nescio
1466 2486 1659 2559 unde
1701 2486 1819 2574 sit,
1852 2510 2103 2558 verum
2151 2486 2344 2581 apud
2395 2488 2769 2580 plerosque
2821 2486 3045 2580 scrip-

922 2612 1111 2672 tores
1161 2600 1269 2671 ita
1317 2600 1529 2673 hodie
1579 2614 1948 2694 receptum
1989 2603 2218 2686 video,
2253 2603 2692 2674 nobilissimo
2738 2628 2814 2674 se
2864 2603 3042 2674 artis

924 2740 1221 2790 munere
1255 2727 1412 2786 tum
1449 2716 1741 2791 demum
1778 2718 2010 2815 fungi,
2045 2719 2106 2790 si
2153 2728 2456 2802 monteS,
2492 2718 2768 2802 fluvios,
2804 2721 3040 2805 urbeS,

924 2844 1327 2929 caeteraque
1377 2834 1452 2906 id
1502 2858 1730 2930 genus
1782 2835 2013 2908 forma
2062 2836 2333 2908 donent
2380 2838 2718 2919 humana,
2754 2846 2829 2906 et
2864 2836 3042 2929 quid

925 2951 1184 3046 cuique
1242 2952 1608 3044 proprium
1666 2951 1887 3023 fuerit
1937 2962 2157 3035 veste,
2219 2951 2457 3034 armiS,
2509 2961 2636 3023 aut
2688 2951 3043 3024 comitatu

924 3071 1261 3143 referant.
1364 3068 1578 3151 Quod
1624 3067 1956 3162 equidem
2010 3078 2386 3160 tantopere
2439 3093 2481 3139 a
2531 3091 2813 3138 summa
2863 3069 3044 3140 artis

926 3186 1169 3256 abesse
1237 3183 1595 3268 existimo,
1654 3193 1739 3255 ut
1795 3183 2093 3254 vixdum
2157 3183 2503 3255 secundas
2562 3184 2630 3254 ei
2696 3185 3043 3257 tertiasve

925 3312 1164 3392 partes
1217 3300 1613 3370 tribuerim.
1718 3299 1925 3369 Nihil
1975 3298 2167 3371 enim
2219 3309 2349 3369 aut
2388 3299 2690 3370 inventu
2734 3300 3042 3386 faciliuS,

927 3423 1055 3485 aut
1088 3437 1218 3484 usu
1272 3414 1501 3508 magis
1546 3415 1639 3484 ad
1685 3413 2056 3487 fastidium
2109 3439 2194 3485 ac
2245 3414 2652 3486 satietatem
2700 3418 3042 3508 proclive.

928 3531 1032 3602 Et
1067 3552 1478 3624 quanquam
1526 3529 1642 3600 hic
1683 3530 1853 3614 illic,
1888 3531 2121 3628 longis
2167 3531 2384 3604 insita
2427 3531 2846 3616 intervalliS‚
2880 3557 3047 3627 pro-

925 3646 1081 3719 bari
1125 3643 1419 3739 possint,
1467 3655 1709 3718 tamen
1755 3640 2043 3719 levioris
2095 3671 2376 3741 semper
2428 3649 2674 3733 animi,
2707 3649 2932 3721 immo
2966 3664 3047 3725 et

928 3763 1188 3837 sterilis
1238 3761 1511 3858 ingenii
1561 3787 1713 3836 esse
1760 3763 2097 3851 dicerem,
2120 3766 2407 3859 justum
2448 3789 2702 3859 poema
2749 3768 2885 3838 hac
2928 3790 3049 3838 ra-

927 3880 1124 3952 tione
1175 3903 1619 3973 componere,
1655 3890 1783 3952 aut
1816 3882 2064 3953 crebro
2111 3881 2223 3952 his
2273 3882 2522 3977 figuris
2568 3882 2700 3967 uti,
2745 3892 2875 3954 aut
2919 3907 3046 3956 eas
3106 3871 3112 3876 ’

927 3996 1309 4091 diligenter
1343 3998 1763 4092 copioseque
1796 3996 2146 4091 persequi.
