3559 5575
542 607 901 694 PRAELECTIO
940 607 1269 691 TRICESIMA
1309 609 1532 693 PRIMA

503 940 555 1004 De
582 935 729 1002 monstris
757 944 788 999 et
811 933 977 1022 prodigiis.
1021 935 1110 1000 Sunt
1138 934 1204 1000 tec
1231 936 1357 1022 quidem
1386 937 1571 1026 Auegorsu

540 1041 783 1128 praestantiora.
828 1038 937 1100 Nimii
956 1044 1033 1102 sunt
1053 1038 1090 1100 in
1111 1037 1196 1102 hisce
1217 1039 1395 1123 referendis
1416 1040 1569 1104 mdion's

546 1144 747 1230 oevipoetae:
769 1138 1358 1228 quiporromirnmlasuoodooulos
1371 1142 1568 1205 unicarum-

540 1254 678 1332 ponunt.
725 1244 770 1308 At
783 1263 847 1330 per
861 1251 989 1306 ceteros
1003 1263 1127 1318 smmis,
1142 1241 1301 1318 auditum,
1317 1251 1449 1320 tactum,
1464 1243 1566 1328 obue-

545 1354 613 1409 tum
627 1347 735 1423 dium,
751 1345 932 1409 Phontauu
946 1353 993 1408 est
1006 1345 1182 1430 ‘ffimffl
1214 1345 1398 1423 Silentium,
1410 1344 1565 1432 religuos»
1661 1366 1662 1377 ¹

543 1456 656 1527 metus,
669 1457 700 1510 et
713 1446 864 1534 quiequid
876 1447 985 1510 aninw
999 1447 1131 1510 mettum
1145 1446 1306 1510 horrorem
1318 1447 1423 1534 parit,
1439 1447 1485 1510 ud
1496 1467 1563 1510 eos-
1661 1541 1662 1555 χ

543 1549 613 1612 dem
627 1570 706 1613 usus
719 1558 796 1614 sum
808 1549 933 1613 idonea.

923 1823 1137 1872 -ο-

503 2057 774 2154 PERACTIS
796 2082 875 2176 jum
905 2103 987 2175 quae
1015 2081 1063 2153 nd
1092 2077 1286 2176 Ailegoriae
1312 2082 1489 2154 rationem
1517 2091 1555 2154 et

502 2222 607 2271 usum
630 2197 809 2290 pertinere
832 2197 933 2281 duxi,
950 2196 1098 2268 minime
1116 2197 1367 2288 praetereuuda
1384 2209 1471 2269 sunt
1486 2198 1554 2268 aiis

500 2317 538 2385 in
555 2315 681 2387 eodem
699 2314 812 2384 ferme
827 2336 959 2408 genere
975 2336 1018 2384 uc
1030 2312 1230 2404 disciplina,
1243 2336 1337 2406 quae,
1349 2336 1398 2382 ex
1410 2315 1554 2385 cerebro

498 2429 626 2522 utique
650 2427 831 2519 scriptoris
854 2437 945 2511 orta,
968 2428 1005 2497 iu
1025 2424 1244 2522 phantasiae
1267 2428 1429 2520 pertibus
1458 2439 1552 2500 mete

499 2542 615 2636 positu
632 2541 813 2612 videntur.
863 2543 1018 2614 Solenne
1040 2541 1213 2613 nimirum
1237 2543 1283 2613 ab
1308 2543 1438 2614 ultima
1461 2543 1553 2614 anti-

498 2658 638 2754 quitate
653 2655 769 2749 poetis
783 2655 865 2739 fuit,
882 2657 958 2729 sive
975 2668 1017 2730 ut
1035 2681 1160 2730 sensus
1176 2658 1339 2730 novitate
1358 2659 1550 2742 irritarent,

495 2797 574 2861 seu,
591 2774 688 2868 quod
705 2773 824 2845 verius
841 2782 942 2866 puto,
959 2783 1002 2846 ut
1018 2798 1155 2846 caecum
1172 2776 1353 2869 quendam
1371 2778 1550 2849 horrorem

497 2890 613 2961 menti
629 2900 773 2983 possent
789 2890 963 2973 incutere,
980 2892 1115 2962 belluas
1136 2915 1178 2962 ac
1198 2902 1380 2985 serpentes
1403 2892 1551 2964 immani

498 3005 759 3103 magnitudine,
777 3017 841 3077 aut
863 3016 1023 3079 monstro
1048 3006 1204 3100 denique
1228 3007 1398 3079 informia
1419 3020 1457 3079 et
1473 3008 1550 3079 risu

497 3124 675 3195 horrenda
703 3124 927 3205 adumbrare,
953 3124 1052 3193 nulla
1080 3123 1266 3216 sapientise
1292 3123 1551 3218 significatione

497 3249 561 3310 aut
595 3262 735 3311 morum
769 3237 909 3310 ratione
942 3237 1074 3310 habita.
1126 3240 1219 3321 Quae
1248 3238 1392 3333 quidem
1423 3264 1479 3311 res
1511 3238 1551 3311 in

496 3354 700 3443 primordiis
722 3355 876 3453 poeticae
905 3354 992 3425 artis
1022 3353 1245 3447 praecipuum
1270 3356 1402 3449 ubique
1433 3357 1552 3427 locum

496 3469 651 3539 habent:
677 3470 797 3561 qualia
813 3470 933 3562 pueris
952 3469 1220 3566 infamibusque
1244 3472 1349 3543 hodie
1371 3474 1472 3565 loqui
1497 3496 1552 3545 so-

494 3584 572 3654 lent
587 3581 789 3665 nutriculae,
806 3593 844 3655 et
864 3583 1020 3677 plun'me
1045 3584 1091 3657 ad
1115 3586 1214 3682 vulgi
1240 3596 1384 3680 ceptum
1412 3611 1553 3659 accom-

496 3698 644 3769 modant
670 3697 870 3792 scriptores.
921 3700 1018 3771 Nem
1046 3701 1176 3794 quibus
1204 3725 1322 3796 neque
1348 3702 1550 3774 liberalium

495 3815 627 3888 artium
648 3840 714 3888 usu
738 3818 895 3900 exculta,
911 3838 1028 3909 neque
1051 3818 1200 3890 historin
1222 3841 1342 3890 rerum
1364 3830 1550 3914 gestarum
