3559 5575
628 776 987 861 PRAELECTIO
1015 774 1252 860 DECIMA
1279 778 1395 868 QUIi

385 1096 403 1143 τ’
549 1072 749 1167 Sympattia
766 1076 906 1142 maim
924 1098 964 1141 ea
984 1076 1135 1141 hauoda
1154 1076 1249 1143 retus
1268 1080 1376 1143 ortuo

399 1210 403 1218 ·
597 1182 706 1267 igitur
722 1180 838 1267 quibus
857 1178 951 1243 rebus
971 1178 1191 1243 misericordia
1206 1180 1395 1266 potissimui

597 1281 673 1346 1⁰¹⁰.
689 1283 730 1348 Si
743 1279 906 1345 credibilia
918 1279 1369 1368 mntquoenomntur.''2⁶⁰.
1393 1293 1395 1344 ἱ

595 1382 756 1447 videnter.
800 1383 894 1447 Hanc
903 1400 1055 1471 persone
1070 1390 1102 1446 ct
1115 1382 1178 1447 locs·
1190 1384 1262 1447 auia
1276 1382 1372 1469 Adju
1393 1412 1395 1444 ι

936 1706 1215 1759 ...ψ-

549 1914 724 2028 Quuu
747 1944 786 2014 in
808 1944 958 2017 Poeuca
980 1945 1153 2018 saeuae
1177 1943 1360 2038 smpuscs
1393 1945 1395 2012 ε

545 2072 594 2132 et
619 2058 691 2130 dici
719 2059 857 2152 possint
883 2069 922 2131 et
950 2060 1099 2144 soleant,
1128 2069 1209 2132 tum
1236 2082 1309 2131 non
1338 2081 1357 2128 u
1393 2083 1395 2126 ι

550 2174 664 2247 detur
687 2172 801 2267 (quod
824 2174 965 2245 caeteris
992 2194 1137 2267 quoque
1164 2174 1301 2245 ortibus
1325 2198 1355 2243 u

548 2291 679 2362 liberae
701 2290 891 2383 vocantur)
914 2298 956 2360 ut
973 2288 1050 2359 vim
1070 2310 1173 2361 auam
1197 2309 1306 2384 quam
1330 2288 1353 2358 ἰ]

549 2406 667 2479 semel
690 2403 908 2489 adhibuerit,
936 2404 1090 2493 eamdem
1118 2403 1298 2500 integram
1326 2428 1351 2474 u

546 2542 672 2615 neque
697 2521 925 2614 absumptam
949 2542 1030 2603 usu,
1046 2540 1164 2614 neque
1185 2518 1330 2592 fastidio
1393 2545 1395 2588 ι

547 2638 731 2709 obrutam.
782 2634 889 2718 Quod
913 2634 1060 2728 quidem
1084 2636 1124 2707 in
1148 2635 1309 2710 scientiae
1333 2660 1346 2708 ε

548 2738 683 2824 studiis
695 2750 799 2824 aliter
811 2750 958 2824 omnino
971 2752 1141 2824 sehabet,
1174 2752 1344 2846 Quippes
1393 2777 1395 2821 :

548 2873 709 2958 reperta,
736 2866 880 2959 quando
912 2866 966 2938 ibi
996 2867 1147 2938 taudem
1174 2867 1341 2940 constitet

548 2979 743 3074 peeveniue
770 2980 897 3063 voluit.
921 3001 1028 3052 nemo
1052 2981 1204 3077 vestigia
1231 2992 1338 3074 repet
1393 2983 1395 3048 !

546 3093 642 3167 dem
664 3114 747 3187 quae
766 3093 931 3165 confecta
945 3103 1002 3165 est
1017 3093 1149 3166 iterum
1166 3094 1335 3167 adnando
1393 3124 1395 3162 ι

549 3199 728 3282 delectati
753 3207 897 3302 quaerit.
947 3208 1122 3302 Aliquam
1143 3210 1293 3281 fortasse
1309 3231 1334 3280 v
1393 3296 1395 3299 Ι

550 3325 642 3396 iude
663 3323 909 3418 capiet,·qu0d
930 3345 975 3395 ea
996 3345 1035 3396 ae
1054 3332 1179 3397 tenere
1194 3333 1232 3397 et
1248 3347 1330 3396 noas
1393 3348 1395 3395 ε

550 3440 657 3532 prius
672 3450 846 3534 tanquam
862 3439 977 3511 mdua
995 3450 1206 3532 suspexerat
1221 3451 1261 3514 et
1275 3441 1329 3537 igi
1393 3467 1395 3510 ι

553 3577 642 3627 men
658 3557 822 3648 voluptas
843 3563 881 3627 et
897 3554 937 3625 in
950 3564 998 3627 'ee
1018 3555 1214 3628 admodum
1235 3557 1326 3628 esth
1393 3584 1395 3625 ;

552 3670 595 3742 in
617 3670 694 3743 dies
715 3671 826 3764 copiis
847 3669 988 3766 indiget
1003 3680 1113 3766 atque
1131 3672 1324 3746 increment
1393 3698 1395 3741 ι

554 3794 694 3878 peram.
727 3783 845 3880 Atqui
858 3785 898 3858 in
913 3794 1079 3878 poemate
1095 3787 1236 3880 quoties
1250 3789 1321 3860 rele
1393 3818 1395 3857 ι

554 3900 798 3992 pulcherrime
822 3909 908 3974 sunt
931 3901 1075 3995 scripta,
1099 3904 1207 3976 toties
1235 3925 1318 3997 perc
1393 3958 1395 3965 .

556 4016 817 4100 admiratione-3
841 4015 1107 4112 saepissimeque
1129 4019 1184 4109 tit,
1200 4027 1244 4091 ut
1261 4020 1313 4092 fes
1393 4052 1395 4083 ι
