3559 5575
430 131 653 195 Pam„
688 128 984 195 XXVII.
1121 130 1251 196 DE
1296 133 1932 201 AFFECTIBUS.
2411 140 2542 204 345

429 302 713 399 singula
749 314 1199 388 excurratur,
1234 316 1317 377 ut
1352 306 1731 400 Epitaphii
1779 318 2065 380 naturae
2113 332 2198 382 ac
2242 311 2543 384 rationis

425 416 702 490 interea
720 420 977 490 fiamus
999 419 1453 493 immemores
1474 447 1494 504 3
1527 424 1732 518 cujus
1755 425 2161 517 praesertim
2186 437 2320 515 est,
2344 427 2545 521 quic-

427 535 606 627 quid
638 537 926 619 habeat,
960 559 1221 629 presse,
1253 538 1623 623 concinne,
1658 542 2033 612 enucleate
2066 541 2288 636 loqui.

529 651 970 723 Praeclarum
1020 662 1131 724 est
1178 652 1258 725 in
1312 656 1445 725 hoc
1493 677 1758 750 genere
1810 656 2169 729 Martialis
2221 657 2550 730 Glauciae

427 765 912 862 epigramma3
948 768 1120 862 quia
1152 768 1423 841 scilicet
1445 770 1651 862 pueri
1677 794 1934 858 mores,
1958 772 2345 856 fortunam,
2366 781 2544 844 aeta·

429 891 603 964 tem,
635 883 899 964 locum,
932 882 1250 954 suaviter
1282 893 1358 956 et
1394 894 1693 956 venuste
1737 908 1973 980 neque
2019 896 2262 958 tamen
2314 888 2543 960 effusa

428 995 568 1067 ista
617 997 1043 1092 garrulitate
1093 1008 1402 1083 enarrat,
1453 1022 1598 1092 qua
1646 1023 1791 1074 non
1846 1026 2076 1141 pauca
2126 1002 2543 1098 hujusmodi

429 1113 794 1206 corrumpi
828 1113 1155 1210 contigit.

692 1298 999 1365 Libertus
1030 1300 1318 1367 Melioris
1345 1301 1452 1366 ille
1480 1319 1692 1383 notuS‚

691 1402 868 1468 Tota
892 1402 1005 1490 qui
1035 1403 1260 1468 cecidit
1290 1403 1544 1470 dolente
1574 1407 1809 1484 Roma,

691 1504 842 1570 Cari
871 1504 1109 1571 deliciae
1136 1507 1360 1571 breves
1387 1505 1658 1594 patroni,

694 1609 841 1672 Hoc
870 1609 990 1673 sub
1018 1631 1329 1673 marmore
1360 1608 1660 1675 Glaucias
1690 1608 2012 1688 humata&

690 1711 739 1774 J
744 1725 935 1775 uncto
963 1709 1295 1776 Flaminiae
1314 1711 1487 1799 jacet
1517 1710 1843 1800 sepulcro:

692 1813 923 1877 Castus
951 1812 1252 1892 moribus,
1282 1812 1527 1900 integer
1554 1813 1823 1901 pudore,

692 1914 894 1980 Velox
923 1916 1197 2003 ingenio,
1227 1917 1452 1982 decore
1478 1916 1656 1981 felix.

694 2017 806 2082 Bis
835 2017 998 2081 senis
1026 2019 1218 2083 modo
1247 2018 1555 2083 messibus
1584 2017 1852 2107 peractis

694 2118 820 2184 Vix
853 2142 1051 2184 unum
1081 2143 1242 2207 puer
1269 2119 1629 2208 applicabat
1654 2143 1911 2185 annum.

696 2222 825 2301 Qui
851 2221 964 2287 fles
991 2221 1177 2297 talia;
1224 2222 1313 2287 nil
1341 2222 1493 2288 fleas
1519 2224 1743 2288 viator.

588 2316 597 2323 ’
1684 2327 1931 2390 Man-r.
1964 2326 2167 2390 Eme.
2198 2326 2320 2390 VI.
2352 2328 2460 2391 28.

435 2503 718 2574 Eodem
750 2503 826 2574 in
859 2527 1124 2599 genere
1158 2503 1718 2597 pulcherrimum
1744 2514 1857 2577 est
1882 2503 2320 2576 Archedices
2351 2502 2544 2574 illius

434 2615 929 2714 Epitaphium,
980 2621 1172 2715 quod
1222 2644 1268 2692 a
1316 2621 1809 2714 Lampsaceno
1859 2619 2097 2714 lapide
2154 2620 2228 2691 in
2292 2642 2547 2691 monu-

437 2735 771 2809 mentum'
793 2739 1006 2833 longe
1050 2737 1434 2831 perennius
1479 2737 1871 2812 transferre
1917 2760 2059 2810 non
2113 2736 2544 2834 dedignatus

433 2853 544 2923 est
579 2852 1082 2945 Thucydides;

607 2992 830 3078 Ἀνὸρδς
858 2994 1286 3078 ἀριστεύσαντος
1315 2997 1369 3056 ἐν
1393 2994 1642 3056 Ἐλλάδι
1669 2999 1782 3055 τῶν
1812 2994 1892 3075 ὕφ’
1927 2997 2154 3071 ἑαυτοῦ,

695 3094 911 3159 Ἱππίου
939 3093 1276 3180 Ἀρχεδίκην
1305 3097 1396 3172 ἥδε
1425 3093 1644 3158 κέκευθε
1673 3092 1838 3170 κόνις,

597 3194 688 3260 Ἢ
716 3196 922 3282 πατρός
953 3222 1016 3259 τε
1045 3197 1143 3259 καὶ
1172 3198 1384 3282 ἀνδρὸς,
1415 3198 1666 3279 ἀδελφῶν
1694 3195 1745 3258 τ’
1777 3193 1920 3258 οὖσα
1948 3192 2246 3277 τυράννων,

698 3297 930 3363 Παίδων
957 3298 1032 3377 τ’,
1064 3301 1164 3361 οὐκ
1192 3296 1318 3385 ἤρθη
1350 3305 1467 3362 γοῦν
1497 3299 1551 3372 ὗς
1578 3295 1953 3374 ἕποιο-θαλίην.

1940 3398 2169 3461 Tunc.
2201 3396 2319 3459 vl.
2350 3400 2455 3469 59.

440 3536 579 3607 His
611 3537 855 3609 statim
899 3536 1280 3630 propositis
1324 3534 1675 3629 exemplis
1720 3533 1893 3607 satis
1946 3544 2195 3627 patere
2239 3533 2545 3608 arbitror

435 3676 579 3725 non
614 3652 974 3725 tumidum
1010 3652 1473 3746 praeconium,
1499 3676 1644 3723 non
1676 3673 1959 3723 morum
1993 3648 2545 3742 descriptionem

435 3770 709 3864 largam
744 3779 819 3841 et
850 3771 1248 3862 loquacem,
1283 3768 1409 3840 sed
1453 3768 1667 3839 unius
1711 3767 1951 3860 potius
1993 3776 2122 3837 aut
2154 3789 2545 3858 paucorum

437 3885 820 3970 delectum,
847 3907 1012 3978 quae
1039 3894 1401 3956 mortuum
1430 3906 1526 3953 ex
1550 3906 1768 3978 grege
1794 3891 2134 3973 poterunt
2159 3902 2545 3962 secernere,

438 4003 760 4094 sepulcro
811 4000 1212 4072 convenire.
1316 4000 1632 4072 Cautum
1684 3999 1898 4070 modo
1950 3997 2027 4069 id
2080 3997 2371 4090 insuper
2429 3993 2546 4076 sit,

3332 1474 3352 1505 υ
3331 1342 3360 1367 Δ
3341 1272 3352 1279 ·
3323 1188 3364 1233 ἐ
3325 784 3370 1135 ’,Ἀ””ιύ“’φ
3325 657 3360 723 θ
3339 558 3358 593 η’

3427 1463 3428 1472 ᾼ
3427 1216 3428 1220 Α
3408 1131 3428 1145 ο
3427 813 3433 843 (Α
