3559 5575
980 55 1113 119 414
1700 48 1943 113 PARS
1991 49 2367 113 TERTIA
2503 43 2728 111 P'aaer„
2765 46 3110 112 XXXII.

1085 225 1422 298 Infinitus
1455 225 1665 316 plane
1701 244 1929 294 essem
1965 220 2026 291 si
2058 220 2132 290 in
2171 218 2364 291 hisce
2412 219 2816 315 deligendis
2869 224 3112 295 studio

981 367 1068 415 ac
1101 339 1456 432 voluptati
1493 362 1670 409 meoe
1703 336 2242 429 obsequendum
2278 336 2638 406 duxerim.
2741 340 2900 410 Sed
2955 339 3114 409 doc.

981 458 1200 530 trinae
1233 477 1449 548 quam
1484 463 1777 524 tuemur
1809 452 2028 521 fidem
2063 450 2357 521 omnino
2392 452 2552 521 haec
2584 452 2822 524 facere
2862 453 3113 523 viden-

980 583 1125 655 tur,
1163 571 1372 640 modo
1424 567 2045 639 animadvertatur
2092 576 2364 658 quanta
2411 564 2485 634 in
2536 566 2862 639 Deorum
2916 592 3110 639 men-

982 687 1180 759 tione
1214 685 1442 756 virtus
1488 683 1682 754 insit.
1790 683 2161 753 Nonnulla
2194 681 2486 773 quidem
2523 695 2692 754 sunt
2724 707 2987 754 eorum
3023 683 3110 752 ad

982 803 1350 872 oculorum
1386 798 1749 894 judicium
1792 799 2004 889 plane
2037 795 2457 888 composita,
2489 820 2712 891 quum
2761 798 2843 868 in
2897 800 3105 869 rebus

984 916 1143 986 visu
1167 914 1511 1010 jucundis
1545 911 1961 984 luxuriant:
2016 912 2328 982 nemoris
2363 911 2554 982 enim
2587 911 2803 998 illius,
2841 915 3105 985 hedera

985 1031 1286 1103 virentis
1336 1041 1411 1101 et
1454 1028 1776 1100 lusciniae
1829 1038 2049 1099 cantu
2097 1026 2457 1111 celebrati,
2509 1037 2667 1098 tum
2719 1029 2989 1100 florum
3037 1040 3105 1099 et

987 1171 1195 1241 aquae
1231 1169 1357 1238 per
1391 1156 1600 1238 prata
1645 1142 2093 1237 properantis
2140 1143 2450 1237 gratiam
2504 1143 2698 1214 haud
2732 1145 3102 1238 vulgarem

988 1285 1144 1334 esse
1166 1262 1436 1332 fateor:
1473 1270 1549 1332 at
1575 1261 1697 1330 illa
1723 1271 1967 1331 tamen
1996 1259 2071 1328 in
2105 1269 2422 1329 mentem
2452 1260 2736 1330 lectoris
2762 1260 3103 1330 altissime

990 1377 1456 1458 descendunt,
1492 1386 1567 1446 et
1612 1374 1782 1469 (nisi
1819 1398 1932 1446 me
1973 1374 2158 1445 fallit
2193 1397 2479 1466 prorsus
2527 1375 2851 1447 instituti
2899 1399 3102 1470 argu-

991 1490 1219 1562 menti
1246 1489 1473 1581 amor)
1511 1489 1888 1561 dulcedine
1917 1490 2228 1584 quadam
2263 1489 2550 1561 insolita
2582 1490 2846 1561 intima
2878 1489 3101 1561 cordis

991 1605 1355 1675 resolvunt
1377 1603 1709 1685 claustra,
1732 1626 1894 1695 quae
1922 1603 2273 1674 coelicolas
2302 1602 2414 1674 his
2449 1605 2732 1676 sedibus
2763 1605 3103 1675 inme

991 1720 1334 1801 referunt,
1367 1718 1486 1788 hic
1520 1720 1772 1789 choros
1809 1741 2045 1813 agere,
2081 1743 2379 1790 nemora
2410 1743 2495 1791 ac
2528 1743 2740 1812 rupes
2773 1718 3100 1812 praesidio

993 1846 1261 1919 tenere,
1296 1845 1370 1906 et
1405 1858 1568 1927 quae
1616 1833 1832 1905 maris
1877 1834 2261 1926 imperium
2307 1835 2878 1907 Atheniensibus
2928 1858 3103 1928 prae-

996 1951 1307 2024 tendunt
1342 1949 1586 2020 divino
1620 1972 1917 2020 munere
1952 1974 2389 2021 concessum.

1096 2067 1248 2138 Vix
1283 2077 1525 2138 autem
1559 2066 1631 2136 in
1671 2066 2008 2160 paginam
2057 2065 2372 2159 aliquam
2409 2067 2706 2138 Pindari
2751 2067 3099 2150 incideris,

998 2184 1117 2257 cui
1167 2206 1310 2253 non
1363 2205 1458 2253 ex
1505 2181 1761 2251 fabulis
1800 2182 2035 2252 Deum
2086 2193 2160 2252 et
2200 2182 2525 2253 Heroum
2570 2184 2890 2255 maxima
2922 2206 3101 2254 com-

999 2310 1294 2393 paratur
1318 2298 1591 2392 gratia3
1628 2320 1852 2390 usque
1887 2297 2066 2368 adeo
2101 2320 2230 2367 nos
2265 2299 2358 2367 ad
2392 2297 2723 2369 Chironis
2755 2300 2949 2370 illius
2983 2323 3102 2370 an-

999 2424 1218 2496 trum,
1245 2422 1374 2483 aut
1403 2411 1736 2484 Herculis
1761 2413 2038 2483 labores
2072 2435 2314 2484 secum
2350 2414 2955 2486 aufert-—Jasona
2985 2438 3102 2485 au-

999 2539 1147 2600 tem
1200 2537 1328 2598 aut
1364 2527 1821 2619 Tyndaridas
1874 2538 2001 2599 aut
2044 2529 2696 2621 Bellerophontem,
2740 2530 3101 2602 notissima

1000 2641 1399 2714 carminum
1434 2651 1886 2735 argumenta,
1923 2653 2210 2736 arrepta
2245 2643 2456 2716 avide
2489 2668 2583 2716 ex
2618 2645 2905 2717 nomine
2939 2670 3101 2741 gen·

1001 2761 1095 2834 tis
1130 2770 1257 2833 aut
1291 2758 1535 2853 oppidi
1569 2761 1962 2846 occasione,
1996 2762 2337 2834 continuo
2384 2765 2716 2857 appellat.
2821 2765 3104 2847 Quanta

1002 2879 1255 2973 utique
1289 2886 1666 2950 venustate
1700 2878 1938 2949 nobile
1980 2878 2156 2949 illud
2193 2903 2477 2951 carmen
2508 2881 2778 2953 claudit
2805 2882 2896 2952 de
2921 2883 3106 2952 labo-

1002 2996 1211 3067 riosae
1233 2994 1522 3065 virtutis
1546 2993 1902 3077 laudibuS‚
1923 2996 2255 3086 exemplo
2286 2995 2620 3067 Herculis
2646 2997 3102 3067 confirmatis!

1003 3114 1208 3207 cujus
1242 3109 1606 3193 nimirum,
1639 3108 1936 3180 infantis
1971 3109 2230 3199 adhuc,
2267 3112 2595 3185 manibus
2635 3113 2909 3208 gemini
2954 3114 3107 3183 dra-

1006 3249 1217 3297 cones
1251 3225 1611 3297 interfecti
1646 3234 2055 3297 narrantur.

1264 3390 1442 3471 Ταχύ
1472 3389 1526 3449 ὃὸ
1560 3387 1857 3469 Καδμείων
1885 3389 2018 3473 ἀγοὶ
2047 3402 2213 3474 χαλ·

1440 3486 1581 3559 κίοις
1610 3488 1710 3549 σὺν
1739 3487 1925 3563 ὅπλοις
1954 3489 2132 3574 ἁθρόοι
2163 3488 2418 3576 ἔδραμον.

1263 3589 1366 3649 Ἐν
1389 3589 1524 3674 χεςὶ
1556 3588 1599 3650 δ’
1621 3589 1977 3673 Ἀμφιτρύων

1268 3693 1480 3751 Κολεοῦ
1510 3690 1720 3773 γυμνὸν
1750 3691 2028 3755 τινάσσων
2059 3693 2352 3779 φάσγανον

1252 3790 1450 3869 ”’Ῑκετ“,
1482 3791 1681 3869 ὀξείαις
1711 3792 1921 3856 ἀνίαισι
1952 3795 2160 3869 τυπείς.

1266 3892 1348 3954 Tb
1379 3896 1496 3980 γὰρ
1526 3896 1717 3958 οἰκεῖον
1744 3892 1915 3972 πιέζει

1270 3996 1446 4059 slo'wO'
1478 4001 1645 4079 ὁμῶς·
1681 3996 1828 4070 εὐθὺς
1858 3997 1901 4058 δ’
1934 3997 2167 4079 ἇπῆμων
2198 3999 2396 4083 κραδία
