3559 5575
358 201 583 266 Pam..
616 200 862 268 XVII.
1013 199 1143 266 DE
1192 199 1823 268 AFFECTIBUS.
2343 204 2473 274 229

351 373 626 446 Indicis
693 374 880 446 male
936 373 1457 447 administratis
1513 375 1782 447 bellum
1842 373 2469 448 sceleratissimum

347 488 490 561 ista
513 489 807 585 regione
831 490 1180 563 exarsisse
1205 490 1516 575 dixerat,
1538 513 1684 584 quo
1712 491 1897 580 bello
1915 489 2270 585 flagrante
2284 514 2470 587 gens

346 606 546 679 mitis
580 618 656 679 et
688 606 1001 679 innocua
1033 631 1369 701 oppressa
1401 607 1610 679 malis
1644 630 1730 678 ac
1773 605 2295 700 propemodum
2342 632 2470 680 ex-

345 722 615 829 stincta
660 723 1050 818 jacuisset3
1123 747 1299 794 mox
1357 723 1645 796 bellicos
1697 723 1976 795 furores
2034 724 2466 796 horrendam

343 840 642 935 insuper
708 866 793 914 ac
851 843 1005 913 fere
1062 841 1466 913 inauditam
1524 843 1794 914 famem
1851 842 2252 914 insecutam
2310 864 2466 914 esse

348 957 800 1029 monstravit.
905 956 1144 1038 Quam
1205 956 1500 1050 quidem
1550 958 2036 1029 calamitatem
2086 980 2277 1041 cum,
2335 981 2466 1029 suo

351 1094 576 1155 more,
625 1071 1065 1164 amplissimo
1115 1094 1440 1143 sermone
1491 1083 1566 1144 et
1610 1074 1829 1144 variis
1878 1074 2310 1167 eloquentiae
2356 1074 2469 1144 lu-

351 1186 665 1259 minibus
747 1187 1167 1259 distinctam
1237 1187 1708 1279 exposuisset,
1765 1190 1962 1261 hunc
2030 1188 2325 1260 tandem
2388 1187 2467 1259 in

347 1302 646 1374 modum
681 1301 1024 1374 orationis
1056 1326 1348 1374 cursum
1384 1302 1777 1376 inhibuisse
1810 1304 2063 1376 fertur.

447 1428 493 1461 “
524 1418 952 1514 Cogitabam
1019 1418 1356 1513 equidem
1426 1443 1570 1514 quo
1636 1419 1886 1492 afflicti
1945 1421 2162 1514 hujus
2218 1419 2463 1513 populi

345 1542 396 1579 “
424 1535 868 1609 calamitates
920 1536 1150 1632 magis
1195 1560 1322 1608 vos
1369 1547 1768 1621 moverent,
1817 1536 2062 1632 aliqua
2113 1560 2209 1610 ex
2259 1524 2461 1630 peste

346 1660 393 1695 “
425 1643 792 1723 communi
824 1651 1159 1748 deligere,
1194 1674 1361 1745 quae
1408 1662 1756 1747 tanquam
1799 1652 2223 1724 miserrimae
2267 1652 2460 1724 illius

346 1775 393 1809 ‘⁶
425 1767 737 1840 fortunae
790 1770 1205 1861 exemplum
1264 1777 1546 1841 attente
1603 1767 2070 1861 inspiceretis.
2172 1768 2459 1861 Quippe

346 1889 393 1924 “
426 1906 522 1954 ex
553 1883 762 1955 malis
797 1884 1128 1956 omnibus
1161 1907 1326 1978 quae
1359 1884 1437 1954 in
1471 1884 1699 1955 vitam
1734 1885 2110 1956 hominum
2141 1882 2459 1954 incidere

346 2001 396 2038 “
430 1998 683 2083 solent,
733 1999 869 2069 hoc
917 1998 1387 2091 proculdubio
1438 1998 1757 2069 maxime
1816 2022 2103 2070 sensum
2162 1996 2461 2091 attingit

351 2119 399 2154 “
430 2112 872 2183 humanum:
933 2136 1167 2207 neque
1226 2124 1338 2185 est
1394 2116 1820 2208 cujusquam
1889 2123 2045 2184 tam
2110 2110 2464 2183 indomita

351 2235 399 2270 ‘⁶
432 2226 787 2318 superbia,
840 2227 1015 2321 quin
1068 2229 1205 2299 hoc
1263 2251 1428 2298 eum
1485 2250 1706 2321 quam
1762 2229 1859 2299 sit
1911 2237 2174 2298 natura
2230 2226 2461 2299 debile

351 2353 397 2386 ‘⁶
431 2352 654 2436 atque
718 2341 1087 2413 infirmum
1153 2342 1367 2413 fateri
1426 2351 1660 2437 cogat.
1759 2341 2019 2435 Atqui,
2074 2352 2157 2413 ut
2210 2363 2460 2412 verum

346 2470 393 2502 ‘⁶
425 2459 680 2542 fatear,
713 2481 868 2530 rem
901 2457 1130 2551 ipsam
1167 2460 1466 2529 honeste
1499 2467 1810 2529 tractare
1843 2481 2140 2554 nequeo.
2215 2458 2459 2530 Tanta

341 2584 388 2618 “
424 2584 537 2646 est
582 2584 658 2645 et
698 2585 851 2646 tam
896 2574 1089 2645 foeda
1133 2574 1548 2669 hujusmodi
1598 2575 1944 2644 malorum
1997 2573 2454 2657 deformitas3

340 2698 389 2732 ‘⁶
421 2691 603 2762 adeo
635 2698 826 2761 tetra
855 2689 1060 2761 fuere
1093 2689 1167 2759 in
1210 2688 1574 2781 patiendo,
1609 2689 1787 2759 adeo
1829 2688 1905 2758 in
1954 2687 2256 2761 dicendo
2300 2698 2456 2759 tur-

343 2815 390 2849 “
422 2806 583 2901 pia;
632 2817 1011 2900 tantopere
1056 2806 1288 2900 ipsam
1333 2804 1642 2878 hominis
1684 2817 2021 2878 naturam
2072 2831 2120 2876 a
2167 2805 2457 2898 propria

346 2931 392 2964 ‘⁶
427 2922 596 2993 sede
625 2925 887 3015 pellere
918 2947 1004 2994 ac
1037 2921 1420 2994 detrudere
1452 2921 1815 3006 videntur,
1848 2931 1933 2993 ut
1965 2944 2120 2991 rem
2166 2943 2454 2992 omnem

347 3045 395 3079 ‘⁶
427 3036 646 3129 pallio
692 3036 897 3130 quasi
946 3046 1353 3129 coopertam
1404 3060 1557 3109 esse
1605 3037 1916 3118 mallem,
1951 3044 2028 3106 et
2066 3034 2260 3128 quod
2303 3033 2455 3126 ipse

346 3160 396 3194 ‘⁶
426 3151 676 3248 lingua
725 3154 978 3225 efferre
1026 3176 1169 3224 non
1222 3153 1476 3244 audeo,
1510 3175 1635 3223 vos
1684 3150 1913 3223 tacita
1954 3149 2169 3221 modo
2216 3158 2456 3222 mente

346 3277 393 3310 66
426 3266 744 3365 cogitare
765 3270 858 3339 αἶ’

425 3513 451 3541 ⁸
480 3503 629 3564 vide
653 3504 778 3583 ipsa
801 3503 1004 3563 Burkii
1031 3505 1210 3563 verba
1237 3502 1297 3563 in
1333 3502 1594 3564 oratione
1629 3521 1757 3580 quoe
1792 3499 2131 3572 inscribitur,
2162 3509 2200 3537 “
2221 3504 2320 3563 On
2355 3504 2454 3565 the

348 3609 387 3636 ‘⁴
414 3601 626 3661 Nabob
652 3601 722 3660 of
741 3599 962 3662 Arcot’s
988 3601 1239 3660 Debts.”

427 3699 459 3757 1
488 3717 604 3757 was
629 3697 810 3780 going
835 3711 900 3759 to
935 3698 1134 3758 awake
1169 3717 1311 3777 your
1341 3695 1550 3775 justice
1588 3697 1835 3757 towards
1877 3696 1991 3757 this
2035 3700 2301 3780 unbappy
2327 3713 2455 3780 part

345 3795 417 3854 of
435 3814 540 3854 our
562 3795 1041 3866 know-citizens,
1067 3797 1140 3876 by
1158 3797 1432 3876 bringing
1456 3796 1650 3856 before
1670 3815 1782 3875 you
1809 3816 1970 3856 some
1998 3797 2067 3855 of
2086 3798 2184 3857 the
2209 3796 2454 3857 circum-

345 3903 572 3951 stances
612 3893 682 3951 of
714 3892 828 3952 this
871 3893 1075 3974 plague
1122 3898 1192 3956 os
1228 3894 1468 3974 hunger.
1552 3893 1642 3952 Of
1678 3894 1753 3952 all
1792 3895 1889 3953 the
1925 3894 2241 3954 calamities
2266 3893 2455 3953 which

345 3991 511 4055 benet
535 3989 650 4049 and
680 3991 897 4069 waylay
924 3991 1022 4050 the
1061 3991 1159 4051 life
1196 3992 1267 4051 os
1300 4011 1453 4061 man,
1486 3989 1600 4050 this
1638 4010 1835 4051 comes
1871 3993 1969 4052 the
2008 4003 2230 4052 nearest
2256 4003 2319 4049 to
2351 4010 2457 4049 our

346 4086 533 4156 beart,
561 4086 675 4145 and
705 4087 755 4146 is
782 4088 910 4147 that
938 4087 1183 4147 wherein
1217 4090 1317 4149 the
1343 4088 1619 4167 proudest
1646 4089 1715 4147 of
1745 4109 1813 4148 us
1841 4089 1916 4148 all
1948 4088 2090 4149 seels
2121 4088 2361 4149 himself
2392 4099 2456 4148 to

1331 4191 1468 4261 423

3295 3455 3306 3629 —Av—m-——A

3301 3633 3308 3786 2⁴⁴*-—.(
