3559 5575
335 103 560 168 Pur..
596 102 828 168 XXV.
1025 104 1154 168 DE
1201 100 1807 171 AFFECTIBUS.
2322 108 2453 176 319

420 271 547 337 Ille
574 272 730 338 mihi
757 290 905 339 ante
931 273 1086 339 alios
1111 273 1605 362 fortunatusque
1634 274 1947 354 laborum,

417 375 866 463 Egregiusque
892 375 1125 450 animi;
1173 376 1309 463 qui,
1342 400 1422 441 ne
1451 376 1612 465 quid
1642 377 1766 442 tale
1796 376 2061 458 videret,

421 477 777 542 Procubuit
804 475 1097 555 moriens,
1127 491 1192 542 et
1218 477 1488 542 humum
1522 477 1713 542 semel
1740 501 1851 542 ore
1880 479 2242 544 momordit.

1858 581 2025 645 ΕΝ.
2053 581 2177 645 xl.
2209 584 2362 648 411.

335 696 498 768 Hos·
545 694 791 770 aute‘m
846 699 1106 772 sinceri
1155 700 1465 793 pectoris
1517 724 1765 772 sensus
1821 701 2142 774 conferat
2191 704 2448 799 aliquis

331 836 500 884 cum
533 813 818 885 Lucani
849 814 1194 899 versibus,
1226 817 1353 887 ubi
1386 840 1541 887 rem
1583 817 1813 888 ferme
1858 817 2186 902 eandem,
2221 821 2447 893 vitam

329 952 593 1022 nempe
642 929 1120 1024 ignominiose
1185 941 1503 1025 emptam
1573 933 1789 1005 morti
1856 935 2445 1034 posthabendam,

327 1040 722 1132 praedicat:

508 1169 696 1235 Mille
723 1169 868 1235 licet
895 1170 1091 1259 gladii
1123 1172 1342 1237 mortis
1371 1195 1538 1238 nova
1564 1172 1744 1260 signa
1771 1186 2173 1260 sequantur„

503 1274 805 1358 Degener
833 1274 901 1361 O*
917 1273 1220 1360 populus,
1252 1274 1360 1338 vix
1393 1274 1602 1339 secula
1626 1274 1817 1361 longa
1844 1273 2146 1340 decorum

505 1373 610 1438 Sic
639 1375 938 1438 meruisse
965 1375 1136 1453 viris,
1166 1376 1402 1441 nedum
1431 1376 1624 1441 breve
1652 1377 1928 1442 dedecus
1956 1377 2097 1453 aevi,

496 1478 595 1541 Et
620 1475 814 1541 vitam
845 1475 1001 1540 dum
1035 1476 1211 1564 Sylla
1236 1477 1420 1542 redit.
1774 1481 2044 1544 Pasas.
2078 1477 2181 1544 11.
2209 1481 2356 1544 115.

329 1597 610 1681 Quibus
643 1598 889 1668 statim
923 1597 1256 1690 perlectis
1287 1598 1498 1670 facile
1532 1598 1833 1692 patebit,
1869 1609 2223 1692 quantum
2260 1622 2306 1670 a
2335 1599 2445 1670 di-

327 1712 558 1785 centis
591 1713 905 1785 moribus
938 1714 1034 1785 ad
1066 1715 1457 1798 sententias
1490 1715 2013 1788 confirmandas
2045 1715 2415 1788 efficiatur.

412 1943 464 2013 J
464 1965 581 2015 am
606 1968 797 2030 vero,
818 1953 902 2014 ut
927 1967 1080 2016 rem
1107 1945 1468 2038 paulisper
1492 1945 1697 2037 quasi
1722 1967 2137 2016 conversam
2163 1946 2446 2017 intuea-

327 2081 517 2146 mur,
539 2059 931 2153 plurimum
957 2083 1204 2131 rursus
1230 2060 1610 2131 sententiae
1636 2060 1959 2131 conferre
1985 2070 2325 2152 poterunt
2350 2060 2445 2132 ad

326 2197 562 2247 mores
594 2199 1061 2269 personarum
1096 2175 1580 2247 declarandos,
1671 2175 1887 2257 Quod
1920 2197 2086 2246 cum
2111 2174 2195 2245 ‘in
2234 2199 2445 2247 scena

324 2290 480 2363 fieri
515 2291 726 2363 aliter
750 2290 878 2362 vix
910 2299 1171 2384 potest,
1199 2300 1357 2361 tum
1387 2291 1460 2360 in
1488 2286 1721 2382 Epico
1752 2288 2071 2362 carmine
2102 2313 2247 2361 non
2282 2314 2445 2363 raro

324 2405 833 2501 attingendum
869 2405 1178 2477 videtur.
1283 2406 1520 2488 Quam
1560 2407 1767 2500 justa
1817 2405 2078 2477 mentis
2127 2404 2443 2500 imagine

323 2519 748 2615 proponitur
813 2520 1172 2592 Alcmena
1228 2521 1360 2593 'illa
1415 2521 1498 2592 'in
1569 2521 2104 2614 Amphitryone
2174 2522 2441 2606 Plauti,

322 2637 569 2731 proba,
614 2647 832 2721 casta,
867 2638 1294 2722 verecunda,
1340 2638 1482 2732 pia,
1523 2637 1887 2709 versiculis
1938 2639 2210 2733 aliquot
2261 2661 2439 2733 quos

323 2752 418 2825 de
452 2776 527 2826 se
558 2753 713 2846 ipsa
747 2752 1208 2846 pronuntiat!
2438 2841 2444 2847 .

413 2892 563 2956 Non
612 2915 734 2978 ego
781 2891 947 2955 illam
1000 2891 1152 2956 mihi
1201 2891 1413 2956 dotem
1462 2892 1630 2957 duco
1679 2915 1835 2970 esse,
1888 2912 2037 2977 quae
2085 2889 2281 2977 vulgo
2326 2873 2443 2954 dos

673 2991 909 3057 dicitur

413 3093 543 3159 Sed
568 3039 962 3181 pudicitiam,
993 3106 1058 3156 et
1086 3091 1419 3179 pudorem,
1451 3110 1515 3157 et
1545 3092 1835 3157 sedatum
1864 3090 2250 3177 cupidinem,

409 3196 628 3260 Defim
689 3206 953 3274 metum,
1013 3207 1349 3282 parentum
1406 3216 1707 3273 amorem,
1765 3207 1831 3258 et
1888 3206 2229 3280 cognatum
2294 3215 2442 3256 con-

413 3400 567 3466 Tibi
597 3298 951 3487 mffirgessjff
961 3348 1156 3486 atque
1194 3411 1267 3463 ut
1295 3397 1594 3462 munifica
1632 3396 1747 3462 sim
1787 3397 1989 3475 bonis,
2019 3396 2251 3484 prosim
2297 3421 2441 3486 pro-

670 3502 785 3567 bis.
1625 3503 1937 3565 Aurnrr.
1973 3500 2072 3563 11.
2106 3503 2169 3579 2,
2203 3503 2352 3572 209.

326 3624 605 3706 Quibus
641 3626 862 3697 semel
894 3623 1160 3697 auditis
1193 3623 1566 3718 ingenium
1597 3633 1672 3695 et
1700 3630 1932 3695 mores
1965 3624 2119 3718 ejus
2153 3624 2439 3717 penitus

324 3740 857 3833 perspicere,'et
890 3740 1067 3834 quid
1112 3742 1409 3833 posthac
1455 3762 1613 3811 eam
1656 3750 1787 3811 aut
1827 3762 2039 3835 agere
2081 3750 2209 3811 aut
2229 3738 2437 3832 ,loqui

326 3854 601 3938 deceat,
637 3854 879 3927 animo
912 3854 1119 3950 quasi
1151 3877 1498 3947 occupare
1531 3854 1722 3926 licet.
1797 3853 2051 3936 Quivis
2075 3855 2267 3926 enim
2293 3875 2440 3942 una

327 3994 492 4042 cum
532 3972 734 4044 Sosia
769 3971 1245 4045 admiratione
1278 3981 1531 4064 captus
1565 3970 2039 4051 exclamabit;
2108 3978 2112 3983 ’
2217 3977 2221 3979 ’
