3559 5575
274 503 387 568 Pana.
405 502 477 569 111.
598 502 663 566 DE
688 499 1004 568 IMITATIONE.
1285 505 1331 573 87

322 675 451 770 Neque
477 675 566 747 illud
590 675 729 746 interea
754 675 792 746 in
815 687 976 748 mentem
999 675 1169 768 cuiquam
1195 676 1329 767 veniat,

272 777 351 862 baec
373 791 545 863 acriorem
561 814 670 884 quam
696 815 760 883 par
777 801 832 863 est
850 814 975 862 curam
997 790 1210 875 desiderare,
1227 803 1265 862 et
1287 793 1330 864 li-

162 887 168 898 ’
271 909 397 980 berum
428 907 549 979 Poetae
583 906 770 1002 ingenium
799 907 855 978 his
882 907 1058 1002 adstringi
1085 906 1236 978 vinculis
1260 931 1329 980 nec

271 1047 373 1116 posse
398 1047 464 1094 nec
487 1024 637 1094 debere:
664 1022 797 1116 quippe
818 1046 950 1118 magna
968 1033 1022 1094 est
1039 1024 1077 1093 in
1096 1023 1261 1094 omnibus
1286 1047 1329 1095 ac

270 1163 361 1232 pene
377 1139 595 1211 incredibilis
611 1138 665 1209 vis
683 1138 951 1211 consuetudinis
968 1148 1005 1210 et
1022 1137 1230 1231 disciplinae,
1243 1163 1326 1231 quae

270 1254 362 1328 siin
389 1255 550 1327 oratione
572 1255 761 1350 deligenda
785 1255 855 1327 rite
881 1254 1106 1340 adhibeatur,
1131 1278 1328 1348 quemcun-

271 1394 341 1464 que
357 1371 394 1442 in
413 1373 583 1442 affectum
599 1370 748 1442 inclinet
762 1394 861 1442 mens
874 1370 1022 1441 tandem
1036 1370 1163 1441 eodem
1180 1373 1276 1441 ultro
1289 1393 1327 1443 se

270 1485 391 1559 flectet
408 1487 536 1569 oratio,
544 1497 581 1558 et
598 1485 784 1579 aptissima
795 1509 949 1580 quaeque
961 1487 1071 1557 verba
1086 1509 1159 1556 non
1172 1485 1327 1579 quaesita

269 1611 380 1696 atque
397 1624 445 1673 ex
460 1601 606 1674 latebris
623 1612 737 1686 eruta,
756 1602 818 1672 sed
835 1600 960 1674 statim
977 1624 1019 1671 ac
1039 1611 1166 1693 sponte
1182 1623 1248 1671 sua
1263 1624 1328 1670 no·

269 1716 323 1790 bis
349 1741 415 1788 nec
441 1717 671 1810 opinantibus
693 1729 894 1794 occurrent.
945 1717 1067 1799 Quare
1093 1715 1241 1785 minime
1266 1739 1327 1786 re-

269 1834 423 1906 rendum
447 1843 503 1907 est
529 1857 575 1906 ne
603 1833 654 1905 sic
683 1833 930 1929 restinguatur
959 1842 1071 1904 aestus
1098 1830 1235 1926 ingenii
1263 1839 1328 1904 aut

269 1960 503 2034 attenuentur
528 1950 640 2032 vires;
667 1949 752 2044 quin
780 1949 901 2042 potius
927 1950 994 2020 bac
1015 1948 1094 2041 ipsa
1117 1971 1164 2019 ex
1191 1971 1230 2018 re
1253 1972 1325 2019 non

189 2083 199 2104 ·
268 2087 397 2158 panim
413 2065 614 2161 adjumenti
636 2066 824 2158 provenire
845 2065 1009 2148 arbitror,
1026 2063 1175 2135 eumad
1192 2087 1328 2159 augen-

268 2181 353 2254 dam
370 2193 608 2274 conceptuum
626 2192 663 2253 et
684 2183 978 2274 phantasmatum
997 2180 1082 2263 rim,
1096 2189 1176 2250 tum
1192 2179 1240 2250 ad
1256 2180 1326 2250 ler-

268 2321 391 2370 vorem
412 2298 515 2369 illum
538 2297 651 2368 animi
674 2299 855 2383 alendum,
873 2321 944 2391 quo
961 2296 1008 2367 ad
1025 2297 1142 2389 majus
1158 2296 1326 2388 quodque

269 2435 359 2504 opus
382 2413 580 2504 impellitur
605 2414 731 2484 Poeta.
781 2414 900 2496 Quem
928 2422 1050 2484 autem
1078 2435 1239 2504 unquam
1267 2413 1325 2502 (ut

270 2529 368 2599 hunc
401 2528 608 2619 scrupulum
642 2529 753 2598 semel
787 2527 958 2609 eximam,
987 2548 1096 2619 quem
1132 2526 1326 2621 ingeniosis

271 2642 485 2736 quibusdam
512 2642 598 2712 viris
631 2642 822 2736 aliquando
851 2643 988 2713 haerere
1017 2642 1185 2737 cognovi)
1216 2666 1323 2736 quem

269 2757 418 2851 inquam
441 2781 488 2829 ex
511 2756 740 2829 nobilioribus
767 2757 889 2831 Poetis
915 2767 1150 2852 conquestum
1167 2782 1244 2831 esse
1266 2782 1324 2831 ac-

269 2874 439 2969 cepimus,
450 2875 547 2970 quod
559 2885 657 2947 certa
674 2876 890 2968 syllabarum
908 2898 1074 2946 mensura
1086 2898 1210 2946 versus
1227 2878 1324 2948 clau·

269 2988 354 3061 dere
379 3000 577 3085 cogeretur,
594 3000 659 3063 aut
680 2989 761 3061 fixis
784 2990 944 3063 numeris
966 2990 1152 3084 modisque
1176 2990 1324 3086 refrige-

267 3106 337 3177 rari
374 3108 536 3179 ardorem
570 3116 608 3177 et
641 3106 807 3199 spiritum
837 3108 941 3199 quasi
973 3106 1128 3179 coerceri
1160 3109 1321 3179 senserit.

268 3222 421 3304 Quodsi
438 3222 569 3295 severis
595 3223 701 3295 metri
726 3222 864 3319 legibus
889 3222 982 3295 nihil
1005 3223 1214 3317 hujusmodi
1229 3224 1322 3297 effici

269 3338 442 3421 ridemus,
459 3361 522 3410 cur
534 3340 666 3433 jugum
683 3339 750 3409 hoc
766 3338 884 3409 larius
901 3337 1086 3432 leviusque
1103 3361 1248 3432 aequum
1265 3350 1321 3413 est

268 3453 480 3538 detrectare,
505 3452 608 3546 quasi
632 3452 760 3525 liberos
782 3476 925 3548 gressus
951 3453 1154 3546 impediret,
1180 3464 1243 3526 aut
1266 3478 1322 3527 re·

267 3569 442 3665 fringeret
459 3568 580 3640 vires?

317 3682 468 3757 Diutius
492 3684 642 3755 fortasse
666 3682 703 3753 in
731 3680 786 3753 his
809 3681 979 3755 immoror
998 3706 1106 3775 quam
1127 3684 1198 3756 fert
1218 3684 1321 3758 insti·

268 3801 340 3874 tuti
365 3801 477 3871 nostri
502 3799 606 3883 ratio,
626 3798 796 3893 quoniam
822 3808 988 3871 accurata
1012 3800 1058 3872 de
1083 3801 1150 3873 hac
1175 3824 1215 3873 re
1237 3803 1320 3877 doc·

268 3918 364 3989 trina
388 3917 436 3989 ad
458 3940 536 3987 eam
560 3916 676 4009 operis
700 3930 840 4008 partem
864 3916 1007 3988 videtur
1028 3919 1219 4009 pertinere,
1235 3943 1318 4014 quae

267 4032 305 4103 in
322 4035 416 4125 stylo
433 4056 651 4125 numemque
667 4032 867 4103 carminum
884 4034 1093 4107 versabitur.
1144 4034 1218 4107 Sed
1234 4038 1319 4131 quia
1447 4084 1451 4091 -

268 4149 347 4219 haec
363 4148 562 4219 carminum
580 4146 776 4220 moderatio
793 4148 888 4219 inter
912 4173 1044 4245 genera
1060 4150 1272 4223 imitationis
1296 4174 1320 4221 a

267 4264 445 4358 plerisque
470 4264 622 4337 habetur
643 4274 682 4337 et
701 4265 789 4336 falso
812 4289 834 4335 a
853 4268 1033 4339 nonnullis
1054 4270 1248 4362 conjuncta
1263 4276 1319 4340 est

268 4402 350 4452 cum
378 4382 491 4453 altero
515 4381 576 4453 illo
602 4404 733 4477 genere
759 4382 856 4475 quod
886 4405 1027 4477 prorsus
1056 4382 1318 4476 repudiandum

756 4516 783 4566 n
802 4504 824 4567 3
