3559 5575
491 75 558 139 244
840 66 962 132 PARS
985 63 1210 131 SECUNDA
1275 62 1389 129 Pana.
1405 63 1550 134 xvm.

491 244 590 317 ribus
606 242 754 315 domum
771 239 919 313 tandem
935 262 1099 312 reversus
1113 236 1317 321 incolumis,
1332 238 1455 311 furore
1470 262 1552 334 per.
1664 285 1665 290 ,

492 360 586 433 citus
602 354 776 429 divinitus
789 354 909 438 misso,
922 356 1112 450 conjugem
1129 353 1399 425 dilectissimam
1415 356 1551 427 amabi-

491 476 635 568 lemque
651 471 786 564 prolem
803 470 949 564 propria
965 492 1076 542 manu
1091 468 1357 542 interficit—ut
1372 494 1440 564 pro
1459 493 1548 565 gau-

491 591 552 663 dio
568 599 606 662 et
618 587 754 661 deliciis
770 588 901 681 quibus
917 588 991 659 frui
1006 587 1046 658 in
1062 586 1183 659 animo
1195 588 1277 681 jam
1288 597 1378 673 erat,
1390 588 1491 659 caede
1507 610 1548 659 ar

490 706 675 791 funeribus
691 714 771 779 tota
786 704 981 798 impleatur
992 704 1132 775 domus.
1183 700 1301 797 Atqui
1315 702 1472 775 libenter
1486 704 1548 773 ali-

491 844 599 915 quem
631 821 905 915 interrogarem,
938 828 1063 891 utrum
1098 817 1268 889 Herculis
1300 817 1413 911 ipsius
1451 816 1546 889 rabie

491 959 538 1009 an
565 936 726 1033 Megarae
751 945 789 1007 et
814 934 1012 1007 insontium
1037 956 1233 1028 puerorum
1258 934 1331 1007 leto
1360 942 1547 1006 moveatur

493 1052 629 1149 magle:

621 1163 725 1228 Φθάνιι
740 1164 762 1226 δ’
779 1168 793 1227 ὂ
805 1162 920 1245 τλήμων
934 1160 1036 1246 γόνασι
1051 1158 1214 1247 τροστισιὸν
1227 1160 1341 1247 πατρός·

623 1266 684 1331 Kal
698 1267 764 1349 πρὸς
778 1264 881 1351 γίνιιον
894 1268 982 1351 χιῖρα
996 1263 1045 1327 nal
1060 1260 1136 1349 δέρην
1149 1260 1260 1342 βαλὸν,

615 1364 661 1430 Ὦ
676 1365 805 1447 piarar',
821 1368 904 1453 αὐδᾷ,
917 1366 957 1449 μῆ
970 1366 1001 1448 μ’
1017 1362 1192 1450 ἀποκτείνῃς,
1206 1363 1307 1451 stirap·

620 1468 676 1542 265
691 1471 758 1551 εἰμι,
773 1469 822 1540 σὸς
835 1469 911 1541 ταῖς·
935 1470 966 1529 οὗ
981 1467 1028 1530 τὸν
1044 1464 1205 1551 Εὐρυσθέως
1220 1468 1302 1540 ὀλεῖς.

1193 1568 1308 1633 Harae.
1324 1568 1412 1633 Fon.
1427 1568 1501 1640 986

489 1697 621 1769 Nonne
638 1699 717 1769 haec
733 1704 772 1769 et
787 1696 925 1791 reliqua
940 1696 1004 1791 qui
1020 1696 1110 1793 legit
1125 1706 1225 1793 totus
1247 1698 1287 1768 in
1309 1697 1457 1769 familiae
1479 1698 1543 1770 mi·

489 1813 704 1889 serationem
716 1812 965 1886 convertitur?
983 1813 1116 1885 Nonne
1128 1812 1248 1907 ipsum
1260 1823 1447 1906 parentem
1463 1814 1543 1886 odio

489 1929 645 2022 quodam
662 1940 701 2002 et
716 1928 771 2001 ira
787 1928 1042 2023 prosequitur?
1060 1952 1169 2022 quam
1186 1930 1272 2001 lieet
1288 1929 1428 2001 ratione
1444 1930 1544 2002 adbi-

489 2045 566 2118 bita
582 2057 795 2139 compescat,
812 2056 943 2118 natura
958 2054 1081 2117 tamen
1098 2054 1226 2138 sponte
1249 2044 1422 2117 incendit.
1472 2045 1543 2118 Ne-

488 2183 559 2255 que
577 2162 728 2236 dubium
743 2162 868 2245 habeo,
885 2160 973 2255 quin
990 2160 1022 2231 si
1038 2184 1082 2232 ea
1097 2162 1178 2257 lege
1193 2160 1363 2233 instituta
1381 2175 1477 2233 esset
1492 2162 1544 2234 fa·

488 2277 584 2361 bula,
601 2289 645 2350 ut
660 2278 698 2348 in
717 2277 836 2348 media
853 2276 954 2349 clade
972 2276 1168 2349 Herculem
1185 2298 1328 2371 quoque
1350 2299 1447 2347 mors
1468 2300 1544 2350 eor·

488 2390 633 2483 riperet,
649 2391 757 2463 nullis
773 2392 850 2485 ipse
871 2392 1038 2485 lacrymis
1062 2392 1193 2487 dignus
1215 2393 1419 2463 haberetur.
1470 2392 1543 2485 Op-

488 2504 578 2577 time
594 2529 680 2600 ergo
696 2507 774 2577 hac
791 2530 875 2579 cum
892 2507 1023 2580 viderit
1035 2507 1240 2601 Euripides,
1252 2508 1301 2579 ad
1318 2530 1443 2579 sanam
1460 2530 1542 2578 eum

488 2628 648 2691 mentem
672 2621 850 2718 redigens,
869 2622 1027 2717 ingentis
1050 2623 1205 2695 miseriae
1229 2632 1268 2695 et
1289 2624 1409 2694 luctus
1432 2632 1542 2693 mate·

487 2733 578 2806 riam
594 2738 962 2834 praebet-simulque
978 2737 1033 2810 his
1048 2762 1131 2834 quae
1143 2761 1251 2832 supra
1263 2738 1424 2811 diximus
1434 2737 1542 2810 fidem

487 2850 601 2937 addit,
613 2877 742 2948 nempe
755 2879 780 2926 a
794 2878 894 2927 mera
909 2855 1119 2928 insanientis
1135 2855 1294 2952 imagine
1310 2879 1383 2928 non
1396 2878 1542 2950 magno-

486 2987 572 3060 pere
595 2971 731 3044 moveri
753 2971 927 3054 animum,
948 2970 1046 3042 omni
1069 2995 1195 3044 eorum
1220 2995 1303 3066 quae
1325 2970 1426 3064 prius
1446 2971 1542 3043 facta

487 3094 573 3156 runt
589 3096 653 3158 aut
669 3110 752 3181 quae
769 3109 854 3159 mox
871 3087 960 3158 fient
976 3078 1193 3181 cogitatione
1211 3086 1375 3181 seposita
1417 3085 1543 3158 Horri-

488 3197 567 3270 dior
588 3223 674 3273 sane
695 3225 805 3296 quam
827 3201 977 3275 flebilior
999 3200 1211 3275 describitur
1232 3202 1364 3275 rabiosi
1388 3198 1542 3273 hominis

487 3313 633 3409 effigies.

875 3431 915 3493 Ὀ
929 3433 951 3493 δ’
967 3430 1056 3496 οὐκέτ’
1072 3430 1155 3506 αὐτδς
1169 3430 1212 3510 ἦν,

617 3529 703 3591 Ἀλλ’
719 3531 746 3592 ἓν
760 3533 924 3616 στροφαῖσιν
939 3532 1075 3616 ὀμμάτων
1090 3531 1269 3621 ἐφθαρμένος,

613 3631 708 3712 ‘Plias
721 3633 747 3695 r’
762 3635 789 3695 iv
803 3631 897 3709 ὄσσοις
911 3637 1091 3718 αἱματωποὺς
1105 3634 1247 3716 induaris,

613 3733 718 3820 ’Apgb
732 3733 885 3817 κατέσταζ’
902 3737 1033 3825 εὐτρίχου
1047 3738 1193 3824 γενειάδος.

611 3834 716 3916 ‘Enii
730 3839 752 3901 δ’
765 3835 828 3922 ἅμα
842 3837 950 3925 γε’λιοτι
963 3839 1239 3929 ταρατηληγμένμ.

1184 3943 1302 4008 Hono.
1319 3943 1402 4010 nur„
1418 3944 1495 4014 981.
