3559 5575
499 301 738 365 Pam„
768 301 846 364 V‘.
1170 301 1300 369 DE
1348 300 1962 366 IMITATIONE.
2048 358 2057 366 ,
2538 302 2624 371 ῗθ

609 475 951 546 Plurimis
984 477 1122 546 hoc
1152 476 1390 546 adhuc
1415 475 1977 567 comprobarem,
2003 471 2143 545 nisi
2166 472 2248 542 in
2270 496 2351 545 re
2373 485 2629 565 aperta

497 615 811 674 vererer,
862 615 957 663 ne
1013 592 1151 664 sim
1208 591 1495 662 nimius.
1599 590 1962 673 Quoniam
2011 597 2258 660 tamen
2307 612 2488 673 rem,
2536 600 2624 662 ut

500 707 686 778 mihi
719 708 1008 780 videtur
1057 732 1205 780 non
1256 708 1593 778 inutilem
1644 729 1881 800 neque
1929 706 2415 801 inelegantem
2458 706 2625 776 reli-

502 835 820 914 querunt
852 824 1202 895 intactam
1250 825 1600 894 hactenus
1647 822 1925 905 Critici,
1958 845 2189 913 pauca
2237 844 2402 914 quae
2452 843 2622 892 cum

502 937 640 1009 hoc
672 961 938 1032 genere
972 938 1329 1010 scribendi
1361 940 1749 1032 conjuncta
1779 937 1959 1007 mihi
1999 937 2192 1008 inter
2233 937 2626 1031 legendum

503 1055 884 1125 observatu
935 1055 1158 1148 digna
1203 1053 1616 1148 obtigerint,
1651 1064 1725 1124 et
1758 1077 1928 1147 quae
1969 1054 2066 1123 ad
2102 1053 2465 1145 poeticum
2499 1077 2623 1124 cu-

491 1170 764 1262 jusque
813 1168 1054 1238 aetatis
1097 1167 1468 1263 ingenium
1515 1168 1657 1239 rite
1699 1168 2255 1260 expendendum
2299 1167 2627 1260 apprime

502 1295 678 1356 sunt
711 1283 993 1371 idonea,
1029 1294 1411 1377 postquam
1453 1283 1531 1353 in
1575 1284 1868 1354 modum
1905 1284 2268 1376 quendam
2300 1293 2377 1354 et
2408 1283 2628 1354 ratio-

500 1422 671 1471 nem
716 1400 990 1472 fuerint
1036 1400 1354 1483 redacta,
1388 1399 1723 1493 proxima
1771 1400 2246 1492 praelectione
2276 1422 2396 1470 me
2428 1398 2632 1470 vobis

500 1518 951 1608 probaturum
986 1540 1218 1610 spero.

605 1633 924 1719 Interea,
972 1655 1064 1704 ne
1115 1632 1276 1726 quis
1329 1654 1445 1703 me
1496 1633 1697 1703 laesae
1754 1632 2156 1726 majestatis
2212 1630 2628 1703 Homericae

501 1747 894 1831 insimulet,
929 1749 1107 1842 quid
1139 1749 1502 1842 praecipue
1536 1748 1716 1819 mihi
1750 1748 2085 1820 videatur
2127 1747 2204 1819 in
2247 1771 2472 1820 causa
2508 1747 2625 1819 fu-

499 1862 665 1946 isse,
696 1887 826 1935 eur
871 1865 1185 1935 minores
1228 1866 1366 1936 hac
1408 1865 1759 1937 facultate
1809 1864 2045 1960 magis
2092 1865 2431 1957 polleant,
2465 1865 2625 1937 bre-

500 1978 694 2050 viter
723 1980 1221 2074 perstringam.

371 2093 390 2106 ’
521 2151 529 2159 .
605 2094 936 2168 Primum
968 2095 1195 2190 igitur
1227 2106 1360 2179 est,
1395 2096 1592 2189 quod
1623 2091 1742 2166 illi
1771 2095 2021 2166 fabula
2051 2105 2128 2166 et
2163 2106 2400 2166 mores
2439 2117 2630 2165 sem-

503 2232 635 2302 per
692 2221 1044 2304 tanquam
1103 2202 1355 2305 scopus
1412 2223 1582 2284 sunt
1640 2213 2006 2305 proposita
2030 2215 2309 2283 z—haec
2367 2213 2631 2284 ardens

503 2326 913 2419 insequitur
935 2327 1133 2397 :—in
1182 2328 1301 2398 his
1344 2327 1557 2398 unice
1602 2329 1874 2399 hoeret-:
1927 2327 2270 2421 quicquid
2302 2327 2626 2400 animum

502 2442 682 2513 alias
732 2442 1069 2525 abducat,
1113 2452 1191 2515 et
1240 2443 1318 2514 in
1367 2444 1641 2515 frivolis
1693 2444 2080 2538 otiosisque
2140 2444 2462 2516 defixum
2522 2455 2628 2518 te·

498 2571 698 2639 neat,
733 2568 1084 2650 tanquam
1117 2559 1317 2652 operi
1349 2559 1954 2652 impedimentum
1987 2560 2366 2652 repudiat;
2399 2570 2528 2633 aut
2561 2560 2625 2632 si

497 2673 793 2767 quando
827 2683 1041 2745 extra
1072 2675 1378 2746 limitem
1407 2675 1656 2770 vagari
1689 2676 1887 2759 libet,
1915 2676 2009 2746 ad
2041 2677 2343 2772 grandia
2378 2687 2454 2750 et
2476 2687 2624 2750 ter-

498 2793 737 2864 ribilia
777 2793 1017 2885 potius
1068 2817 1143 2865 se
1187 2792 1546 2866 convertit
1570 2818 1926 2889 z—neque
1961 2806 2170 2867 vacat
2204 2795 2622 2889 descriptio-

499 2908 734 2995 nibus,
783 2909 924 2980 nisi
973 2933 1139 3002 quae
1188 2910 1585 2983 inserviant
1635 2920 2087 3005 argumento,
2138 2920 2269 2983 aut
2316 2913 2620 2998 affectus

499 3036 1023 3107 commoveant,
1084 3036 1211 3096 aut
1272 3028 1420 3098 sint
1478 3027 2010 3120 quodammodo
2076 3050 2244 3098 cum
2304 3028 2619 3099 moribus

499 3141 963 3235 personisque
999 3138 1430 3235 conjunctae.
1518 3143 1932 3234 Tantopere
1965 3152 2213 3212 autem
2247 3164 2501 3228 causae,
2535 3155 2621 3214 ut

498 3257 605 3329 ita
655 3259 932 3351 loquar,
966 3256 1215 3340 instat,
1249 3269 1334 3328 ut
1379 3280 1546 3350 quae
1592 3258 1684 3329 de
1735 3279 2019 3328 summo
2070 3257 2377 3328 Oratore
2426 3258 2620 3331 dicta

501 3374 765 3445 suntin
795 3376 993 3444 hunc
1017 3372 1291 3466 pariter
1324 3372 1779 3458 conveniant,
1808 3382 1851 3414 ‘⁶
1875 3371 2166 3455 Omnia,
2200 3372 2419 3444 etiam
2453 3398 2619 3469 quae

502 3496 549 3531 “
582 3490 1048 3562 delectationi
1083 3489 1424 3561 videntur
1457 3488 1652 3573 data,
1686 3488 1779 3561 ad
1818 3488 2194 3560 victoriam
2228 3493 2617 3583 spectant.”

603 3606 789 3678 Haec
822 3605 1047 3701 igitur
1082 3629 1297 3678 causa
1329 3605 1564 3698 posita
1596 3615 1707 3678 est
1729 3605 1808 3677 in
1835 3603 2058 3698 ipsius
2079 3605 2358 3701 judicio
2381 3632 2467 3681 ac
2490 3633 2616 3683 vo-

499 3721 800 3793 luntate.
905 3721 1146 3794 Extra
1180 3723 1628 3793 voluntatem
1674 3730 1787 3793 est
1825 3721 2141 3815 reliqua3
2193 3746 2353 3817 quae
2402 3748 2614 3819 porro

498 3837 812 3929 petenda
860 3848 972 3907 est
1020 3860 1117 3908 ex
1163 3848 1492 3932 cognatae
1537 3837 1712 3909 artis
1760 3836 2078 3909 historia.
2179 3838 2501 3913 Multum
2533 3841 2612 3914 in

496 3954 872 4050 regionum
907 3978 993 4027 ac
1040 3956 1358 4048 locorum
1405 3954 1885 4049 descriptione
1932 3964 2179 4050 poetas
2222 3956 2614 4049 pictoribus

497 4069 828 4141 debuisse
850 4072 1009 4166 jam
1035 4081 1207 4143 ante
1241 4081 1606 4145 ostensum
1643 4082 1796 4145 est:
1830 4071 2068 4167 Atqui
2092 4095 2171 4145 re
2195 4071 2613 4173 diligentius

497 4208 871 4280 perpensa,
895 4210 1039 4260 non
1074 4188 1150 4260 in
1186 4191 1321 4261 hac
1355 4199 1559 4282 parte
1591 4191 1848 4276 solum,
1876 4212 2126 4263 verum
2152 4189 2330 4262 etin
2364 4186 2611 4260 formis
