3559 5575
438 386 1166 470 PRAELECTIO
1244 386 1899 472 TRICESIMA
1974 388 2457 480 QUINTA.

372 617 635 682 Paucis
671 617 747 681 de
783 617 1249 704 cogitationum
1291 615 1511 681 ordine
1540 618 1933 704 proemissis,
1963 617 2188 683 deinde
2223 618 2299 682 de
2342 617 2505 706 Styli

476 721 871 785 ornamentis
914 720 1147 805 agitur
1189 717 1279 781 ad
1320 718 1747 783 Phania-siam
1791 721 2194 784 excitandam
2235 719 2496 785 idoneis.

477 821 597 885 Ea·
637 821 867 907 quibu-9
895 840 1050 906 prae
1092 821 1341 884 caeteris
1383 829 1731 884 &emuntur
1767 830 2066 907 quatuor,
2109 824 2177 886 H
2180 821 2506 909 yperbole

476 920 861 1000 Similitudo,
897 921 1302 1009 Metaphora,
1334 921 1736 1009 Epithetum.
1826 924 1930 987 De
1968 945 2334 1010 unoquoque
2370 932 2505 987 tra—

476 1024 726 1088 duntur
751 1023 1043 1111 quoedam
1073 1033 1135 1088 et
1160 1026 1485 1088 cautiones
1510 1033 1572 1089 et
1592 1033 1937 1111 praecepta.

1238 1254 1664 1303 *—

392 1439 667 1554 QUAE
695 1470 773 1541 in
807 1470 1139 1562 proxima
1171 1468 1629 1561 praelectione
1661 1469 1753 1540 de
1793 1469 2194 1561 phantasiae
2238 1482 2500 1545 natura

386 1584 757 1677 disputare
782 1584 1013 1656 v‘nutn
1038 1595 1151 1656 est
1174 1587 1369 1654 hunc
1394 1584 1646 1655 saltem
1671 1585 1888 1655 finem
1915 1585 2244 1658 habuisse
2269 1611 2497 1681 spero,

387 1711 475 1772 ut
495 1701 914 1794 scriptorem
942 1711 1283 1771 moneant
1299 1722 1392 1770 ne
1417 1699 1631 1770 nimis
1655 1699 1731 1770 in
1757 1701 2259 1774 constituendo
2284 1727 2496 1797 opere

388 1815 560 1885 huic
591 1813 818 1885 animi
848 1814 1040 1905 parti
1070 1813 1366 1896 tribuat,
1394 1837 1574 1885 neve
1607 1814 1782 1884 artis
1818 1816 2189 1887 materiam
2224 1827 2495 1888 temere

385 1930 739 2012 effundat,
768 1930 972 2022 justa
1014 1950 1256 2000 rerum
1295 1931 1643 2022 junctura
1674 1937 1751 1999 et
1784 1930 2034 2001 ordine
2065 1933 2495 2022 posthabito,

387 2045 599 2137 Saepe
632 2043 826 2114 enim
857 2044 1226 2116 effraenem
1260 2044 1714 2137 phantasiam
1748 2044 1896 2115 suis
1943 2045 2170 2137 ipsam
2218 2069 2295 2118 se
2328 2047 2496 2118 viri-

384 2161 521 2231 bus
552 2158 902 2251 impedire
935 2159 1282 2254 contigit:
1334 2182 1583 2252 quum,
1617 2158 1678 2230 si
1723 2161 1909 2230 male
1950 2159 2139 2231 inter
2171 2184 2246 2231 se
2281 2184 2489 2255 copu-

380 2277 629 2345 lentur
675 2274 1049 2368 imagines,
1100 2285 1338 2345 motus
1389 2273 1508 2345 ille
1558 2273 1784 2345 animi
1828 2275 2129 2345 vixdum
2168 2274 2494 2369 inceptus

382 2390 695 2477 deficiat,
719 2392 912 2461 unde
945 2391 1161 2485 hujus
1191 2390 1298 2462 rei
1325 2392 1650 2482 voluptas
1682 2391 1908 2462 ferme
1942 2391 2172 2462 omnis
2206 2393 2493 2483 pendet.

382 2506 581 2578 Nam
615 2506 803 2578 sicut
830 2506 1124 2578 alterius
1149 2506 1338 2578 ictus
1359 2506 1466 2576 vis
1490 2505 1642 2577 ictu
1676 2507 1902 2579 altero
1934 2506 2268 2578 imminui
2291 2510 2492 2593 solet,

381 2622 526 2694 nisi
556 2622 632 2693 in
667 2622 956 2695 easdem
989 2622 1315 2693 ferantur
1348 2631 1610 2714 partes,
1642 2623 1749 2695 ita
1782 2646 1878 2694 ex
1912 2623 2127 2695 variis
2177 2625 2493 2698 fontibus

381 2738 807 2833 conquisitae
841 2737 1111 2831 species
1146 2737 1281 2811 sibi
1314 2737 1488 2831 ipsae
1522 2736 1833 2813 invicem
1862 2741 2250 2813 occludunt
2269 2741 2491 2825 viam3

379 2878 617 2949 neque
670 2865 956 2926 tantum
1008 2878 1152 2925 una
1201 2877 1448 2926 omnes
1489 2856 1753 2938 valent,
1795 2865 2148 2947 quantum
2199 2858 2491 2927 seorsim

381 2972 706 3043 valerent
737 2970 1061 3065 singulae.

483 3087 829 3157 Sumatur
861 3095 1129 3168 autem,
1164 3085 1477 3177 exempli
1519 3107 1755 3170 causa,
1789 3106 1881 3154 ex
1935 3082 2332 3155 Claudiano
2381 3108 2493 3155 ar-

381 3202 637 3273 borum
671 3201 793 3272 illa
828 3200 1167 3283 recensio,
1203 3225 1380 3294 quas
1413 3200 1487 3270 in
1524 3198 2005 3291 pulcherrimo
2039 3199 2304 3271 Siciliae
2337 3201 2490 3271 loco

379 3340 603 3410 prope
641 3317 978 3388 Hennam
1017 3316 1266 3388 florere
1299 3316 1423 3388 ait.

555 3463 728 3548 Apta
754 3461 932 3525 fretis
959 3460 1152 3538 abies,
1182 3459 1362 3525 bellis
1390 3457 1795 3524 accommoda
1820 3480 2070 3538 cornus,

558 3563 844 3640 Quercus
870 3562 1071 3627 amica
1096 3564 1145 3626 J
1146 3560 1272 3643 ovi,
1299 3560 1578 3626 tumulos
1606 3572 1853 3626 tectura
1877 3583 2233 3650 cupressus,

560 3662 701 3729 Ilex
729 3664 917 3750 plena
943 3663 1124 3742 favis,
1158 3662 1405 3728 venturi
1437 3661 1698 3751 praescis
1724 3662 1960 3729 laurus.

1628 3766 1853 3833 RAr'r.
1886 3766 2090 3829 Paos.
2125 3763 2224 3826 11.
2251 3764 2402 3828 107.

383 3891 652 3963 Tribus
686 3892 879 3964 hisce
912 3891 1279 3964 versiculis
1312 3905 1662 3985 quantam
1704 3903 1782 3963 et
1814 3912 2031 3984 quam
2079 3887 2488 3959 dissitarum
