3559 5575
382 246 389 264 ι
439 166 663 229 Pam.
699 164 931 228 XXV.
1139 166 1270 230 DE
1315 169 1943 236 AFFECTIBUS.
2422 174 2551 236 323

619 333 721 400 Sic
769 349 1052 422 optume,
1100 350 1173 401 ut
1217 361 1339 425 ego
1387 340 1634 427 opinor,
1680 362 1898 404 omnes
1944 363 2163 406 causas
2210 341 2546 429 praecidam

784 437 1108 503 omnibus:

611 540 704 603 Et
732 561 833 604 me
860 539 979 605 hac
1007 540 1359 630 suspicione
1384 543 1727 623 exsolvam,
1757 557 1823 608 et
1852 544 1974 609 illis
2002 568 2239 611 morem
2269 569 2542 633 gessero.

1886 647 2068 712 Hssc.
2103 649 2221 712 IV.
2256 651 2319 727 2,
2352 651 2458 717 1'7.

541 798 706 870 Hac
755 798 1120 873 enimvero
1163 801 1409 873 fabula
1453 811 1629 884 tota,
1671 825 1715 872 a
1763 824 1879 872 me
1924 802 2215 894 quidem
2268 826 2547 894 semper

438 936 592 1006 prae
642 916 922 986 caeteris
970 915 1049 986 in
1099 916 1329 1009 pretio
1381 917 1649 1004 habita,
1695 918 1973 987 nullum
2026 918 2195 988 novi
2243 918 2546 1011 privatae

441 1028 699 1100 domus
758 1033 1240 1124 spectaculum
1289 1032 1704 1128 jucundiuS,
1764 1042 1894 1105 aut
1945 1033 2174 1128 magis
2232 1033 2323 1104 ad
2375 1033 2547 1105 vitae

439 1148 814 1240 exemplar
847 1147 1186 1225 effictum.

546 1261 924 1356 Tragoedis
973 1262 1252 1334 interea
1299 1262 1597 1347 Graecis,
1648 1263 1986 1356 Euripidi
2035 1275 2250 1346 certe,
2296 1259 2424 1333 vix
2472 1261 2550 1334 id

439 1364 672 1448 laudis
705 1377 1051 1463 dederim,
1078 1379 1274 1472 quod
1305 1400 1539 1450 mores
1571 1379 1956 1473 diligenter
1988 1378 2449 1462 servaverint,
2476 1391 2550 1451 et
2622 1427 2635 1438 -

440 1492 832 1563 sententias
867 1491 1036 1564 huic
1068 1492 1175 1563 rei
1207 1492 1549 1564 inservire
1581 1494 1908 1565 fecerint.
2010 1493 2269 1586 Neque
2302 1501 2547 1564 tamen

441 1607 920 1700 pulcherrima
953 1609 1213 1679 desunt
1247 1608 1602 1701 exempla,
1630 1609 1706 1679 in
1742 1610 2091 1703 Sophocle
2124 1607 2547 1702 praesertim,

439 1745 608 1817 quae
642 1724 737 1794 ad
768 1721 1213 1817 disciplinam
1248 1733 1566 1795 nostram
1611 1724 1910 1795 faciunt.
2013 1720 2205 1795 Satis
2245 1725 2402 1819 jam
2455 1722 2549 1794 sit

443 1861 540 1908 ex
605 1837 954 1931 principio
1012 1838 1428 1911 Philoctetis
1493 1862 1721 1909 unum
1792 1841 2006 1912 modo
2065 1839 2367 1924 adferre,
2425 1838 2551 1909 ubi

443 1954 696 2025 fraude
729 1965 805 2026 et
841 1955 1228 2027 mendaciis
1261 1954 1634 2026 consilium
1670 1955 1949 2047 Ulyssis
1984 1955 2281 2049 exsequi
2309 1955 2552 2046 Neop-

444 2072 751 2143 tolemus
783 2071 1367 2167 indignabundus
1400 2081 1702 2142 recusat.

616 2258 781 2344 Ἐγοὸ
806 2259 911 2341 μὶν
941 2258 1029 2335 οὓς
1060 2256 1129 2322 ἂν
1156 2265 1268 2322 τῶν
1297 2255 1484 2342 λόγων
1514 2260 1686 2343 ἀλγῶ
1715 2256 1923 2334 κλύων,

619 2361 894 2446 Λαερτίου
916 2366 1044 2442 παῖ,
1067 2361 1263 2425 τούσδε
1291 2360 1389 2423 καὶ
1420 2360 1692 2445 πράσσειν
1722 2366 1945 2444 στυγῶ.

608 2460 791 2542 Ἕφυν
820 2469 937 2549 γὰρ
965 2466 1111 2528 omn
1140 2466 1204 2526 ἐκ
1233 2463 1436 2549 τέχνης
1460 2462 1734 2547 πράσσειν
1763 2466 1960 2539 κακῆς,

618 2561 762 2628 Οὔτ’
791 2565 979 2645 αὐτὸς,
1010 2562 1136 2645 οὔθ’,
1164 2563 1234 2639 ὥς
1263 2581 1453 2644 φασιν,
1487 2563 1766 2646 ὄῦκφῦσας
1796 2561 1914 2643 ἐμέ.

620 2668 788 2729 Ἀλλ’
818 2665 925 2750 εἴμ’
957 2665 1167 2744 ἕτοιμος
1194 2665 1322 2750 πρὸς
1351 2664 1486 2745 βίαν
1514 2663 1609 2727 τὸν
1637 2662 1782 2749 ἄνδρ’
1814 2661 1995 2746 ἄγειν,

622 2769 740 2834 Καὶ
768 2773 846 2852 μὴ
877 2767 1137 2835 δόλοισιν.
1167 2771 1227 2833 οὐ
1255 2771 1372 2855 γὰρ
1401 2770 1464 2847 ἒξ
1491 2768 1600 2843 ἑνὸς
1625 2767 1784 2841 ποδὸς

615 2875 814 2953 Ὴμᾶς
841 2872 1103 2935 τοσούσδε
1131 2873 1261 2956 πρὸς
1291 2871 1423 2949 βίαν
1451 2868 1815 2956 χειρώσεται.

621 2972 901 3053 Πεμφθείς
928 2997 1000 3057 γε
1030 2971 1214 3051 μέντοι
1244 2974 1332 3035 σοὶ
1364 2964 1724 3054 ἔυνεργᾶτης,
1757 2972 1897 3032 ὀκνῶ

622 3071 903 3156 Προὸὅτης
932 3073 1248 3135 καλεῖσθαι·
1282 3070 1560 3150 βούλομαι
1591 3070 1660 3146 δ’,
1691 3067 1861 3146 ἄναξ,
1895 3075 2086 3143 καλῶς

623 3181 788 3261 Δςῶν
817 3175 1147 3258 ἐξαμαρτεῖν
1173 3176 1423 3253 μᾶλλον,
1454 3170 1485 3248 ἢ
1514 3175 1671 3255 νικᾷν
1701 3176 1909 3242 κακῶς.
2045 3170 2378 3233 ΡΗιιοοΤ.
2402 3167 2504 3234 86.

546 3351 990 3424 Generosum
1041 3358 1151 3419 est
1202 3354 1462 3432 totum,
1513 3346 1842 3439 simplex,
1889 3345 2298 3431 candidum,
2349 3369 2551 3440 aper-

446 3477 646 3538 tum:
701 3477 777 3538 et
810 3486 1218 3559 quanquam
1268 3461 1555 3533 astutiae
1589 3459 1868 3554 Ulyssis
1914 3484 1999 3531 eo
2045 3460 2338 3532 tandem
2391 3486 2550 3555 per-

447 3584 773 3654 vicerunt
829 3590 914 3652 ut
971 3602 1232 3650 munus
1298 3600 1553 3671 parum
1621 3579 1998 3648 honestum
2069 3578 2302 3661 obeat,
2370 3577 2551 3647 nihil

446 3707 727 3769 naturae
777 3706 886 3768 est
932 3693 1556 3776 accommodatius,
1592 3716 1811 3786 quam
1858 3703 1942 3763 ut
1984 3715 2153 3762 mox
2204 3692 2546 3784 propositi

446 3838 613 3885 eum
661 3813 773 3885 sui
817 3812 1184 3905 poeniteat,
1218 3820 1442 3903 utque
1473 3810 1803 3901 precibus
1839 3808 2260 3880 Philoctetis
2294 3808 2548 3887 victus,

446 3952 576 4022 pro
624 3929 877 4001 fraude
923 3952 1006 4000 ac
1054 3927 1249 3999 furto
1292 3949 1457 4019 quae
1504 3926 1969 4021 cogitaverat,
2003 3926 2306 3997 salutem
2359 3923 2548 3992 ultro

447 4045 652 4117 ferat.

1437 4161 1577 4225 ΥΞ
