3559 5575
450 547 494 610 24
709 539 993 610 PRAELECTIO
1016 540 1255 606 SECUNDA.

450 717 529 790 voci
546 717 719 813 subjicere
732 716 852 787 velim.
877 716 949 787 Sed
961 715 1000 787 in
1013 739 1107 787 nova
1119 740 1160 787 re
1175 736 1219 788 ea
1232 737 1375 810 semper
1387 715 1512 788 danda

450 842 505 903 est
523 832 639 916 venia,
656 843 699 904 ut
716 855 809 903 nova
825 832 1008 926 fingantur
1024 831 1183 916 nomino,
1203 843 1269 903 aut
1291 841 1416 903 vetera
1439 833 1512 902 sal-

450 957 525 1020 tem
544 949 590 1018 ad
609 957 747 1018 nostros
764 970 849 1018 usus
865 946 1191 1018 accommodentur.

504 1064 625 1159 Hujus
642 1074 763 1135 autem
781 1063 963 1135 facultatis
976 1086 1059 1134 cum
1077 1063 1125 1134 sit
1142 1062 1242 1133 varia
1255 1085 1298 1132 oc
1315 1064 1511 1156 multiplex

451 1190 688 1263 naturatum
714 1179 811 1251 haud
836 1177 1061 1250 incommode
1081 1177 1120 1248 in
1142 1178 1232 1249 duas
1256 1188 1378 1270 partes
1395 1179 1511 1252 dividi

452 1306 592 1388 potest:
619 1297 779 1377 alteram,
797 1294 899 1388 quasi
923 1318 988 1387 per
1008 1318 1046 1365 se
1066 1294 1221 1366 inertem
1245 1294 1309 1365 sed
1333 1295 1512 1391 imagines

453 1411 674 1484 extrinsecus
691 1413 808 1484 illatas
820 1411 925 1482 avide
938 1411 1189 1503 arripientem
1212 1413 1362 1482 alteram
1376 1434 1460 1505 quae
1471 1413 1511 1483 vi

453 1528 596 1623 propria
613 1553 655 1601 ac
668 1529 790 1625 vigore
806 1528 960 1622 praeditu
972 1537 1096 1620 captat
1112 1527 1365 1599 similitudines
1375 1551 1510 1615 rerum,

454 1655 563 1739 atque
576 1647 642 1730 his,
653 1645 851 1738 praescrtim
867 1644 897 1714 si
910 1667 1014 1715 novae
1025 1642 1296 1736 autinopiuatae
1308 1655 1511 1728 occurrant,

456 1762 603 1832 mirifice
626 1772 790 1842 tenetur3
816 1783 899 1853 quae
924 1759 1076 1830 inlinitae
1098 1758 1152 1828 illi
1173 1758 1374 1853 imaginum
1398 1762 1512 1852 sylvae

455 1899 526 1968 qua
543 1877 701 1967 repletur
718 1899 818 1946 mens
840 1873 1059 1956 dominatur,
1075 1897 1159 1968 quae
1182 1885 1277 1947 totas
1301 1876 1509 1949 minutatim

456 1991 601 2063 resolvit
627 1992 770 2074 formas,
787 1992 966 2062 elementa
989 2012 1110 2062 rerum
1136 1990 1286 2074 divellit,
1304 1992 1403 2064 varie
1426 2016 1513 2065 cou-

450 2108 586 2204 juugit‚
604 2116 734 2190 versat,
750 2106 867 2201 fingit,
883 2131 949 2200 pro
966 2106 1113 2178 arbitrio
1129 2107 1309 2201 disponit:
1334 2109 1432 2179 unde
1454 2108 1513 2180 iu-

456 2225 571 2296 solitae
588 2225 735 2295 tandem
757 2234 793 2295 et
815 2223 1029 2318 prodigiosae
1052 2224 1165 2295 menti
1182 2226 1419 2297 obversantur
1432 2249 1513 2319 spe·

456 2340 539 2423 cies,
552 2338 612 2410 alii
626 2350 802 2412 terrarum
817 2363 858 2410 ac
871 2338 951 2409 coeli
968 2348 1116 2422 tractus,
1129 2339 1220 2411 alius
1233 2350 1374 2411 uaturae
1386 2343 1493 2413 color.

509 2456 607 2529 Huic
624 2456 759 2528 scilicet
777 2455 909 2527 animae
926 2455 1021 2548 parti
1040 2455 1172 2550 injecta
1190 2465 1276 2528 sunt
1292 2457 1445 2529 coeleatis
1468 2459 1515 2528 il·

456 2573 526 2646 lius
543 2575 699 2646 flammae
716 2575 864 2662 semina,
881 2598 964 2668 quae
980 2583 1081 2645 tactu
1103 2573 1306 2655 ardescunt,
1322 2583 1360 2644 et
1378 2573 1513 2645 terreni

458 2691 612 2783 conponis
629 2692 785 2761 claustra
800 2691 1011 2784 pigrumque
1028 2691 1121 2760 hauc
1139 2690 1267 2760 molem
1286 2691 1345 2760 cui
1369 2690 1515 2786 subjici-

459 2829 540 2876 mur
557 2804 826 2897 perrumpentia
842 2828 983 2875 sursum
1004 2805 1180 2877 feruntur.
1232 2806 1331 2878 Hinc
1355 2808 1513 2902 speciosa

458 2921 520 2991 illa
536 2943 619 3014 quae
636 2930 807 3013 promunt
828 2919 953 2992 Poetae
979 2921 1171 2993 miracula:
1197 2922 1282 2995 hinc
1297 2923 1429 2996 animae
1446 2925 1514 2995 im-

459 3036 638 3131 patientes
664 3058 774 3105 morae
799 3035 919 3107 nisus:
946 3034 1030 3107 hinc
1054 3038 1186 3109 mentis
1208 3039 1269 3111 ille
1290 3039 1513 3135 gratissimus

460 3177 568 3235 error,
582 3152 645 3246 qui
661 3152 819 3224 feliciora
835 3174 976 3246 semper
991 3175 1099 3247 quem
1117 3156 1188 3227 fert
1204 3157 1336 3228 veritas
1352 3166 1466 3251 optat,
1476 3167 1514 3230 et

460 3268 593 3363 optatis
610 3268 753 3339 fruitur.

547 3409 711 3474 Devenere
725 3407 809 3473 locos
823 3408 923 3488 Icelos,
938 3420 971 3474 et
984 3432 1109 3475 amoena
1123 3410 1222 3475 vireta

488 3558 491 3563 -
550 3513 799 3578 Fortunatorum
815 3533 991 3592 nemorum,
1006 3511 1159 3599 sedesque
1173 3512 1290 3579 beatu.

549 3615 685 3703 Largior
699 3614 751 3679 hic
764 3636 892 3703 campos
906 3615 1016 3692 aether,
1031 3628 1064 3679 et
1078 3613 1197 3679 lumine
1211 3616 1305 3681 vestit

548 3718 737 3803 Purpure03
762 3715 931 3803 Solemque
945 3740 1050 3796 suum,
1066 3740 1124 3783 sua
1137 3718 1240 3783 sideru
1254 3733 1381 3785 norunt

451 3843 542 3928 ¹Aut
558 3852 645 3947 quid
661 3852 700 3923 in
717 3852 786 3923 hoc
801 3874 933 3949 genere
950 3878 1058 3948 quam
1074 3856 1164 3928 illud
1183 3856 1327 3930 Horatii
1342 3866 1518 3951 praestan·

463 3970 563 4044 tius?

550 4136 704 4205 Auditis?
729 4140 783 4205 An
799 4162 849 4203 me
863 4138 946 4204 ludit
961 4139 1103 4207 amabilis

552 4240 700 4308 Insania?
726 4239 859 4320 Audire,
875 4257 907 4307 et
922 4241 1030 4308 videor
1043 4242 1112 4332 pios

595 4346 711 4409 Errare
725 4366 783 4431 per
795 4342 893 4423 lucos,
908 4368 1040 4412 amoenoe

595 4448 683 4525 Quos
697 4460 728 4511 et
742 4470 834 4533 aquae
849 4448 985 4512 subeunt
1001 4464 1032 4513 et
1047 4472 1142 4514 aurae.
