3559 5575
867 45 999 111 182
1536 37 1780 107 PARS
1829 35 2279 104 SECUNDA
2498 35 2728 102 Pau-21..
2763 36 2991 103 XIII.

866 216 1148 296 fabula;
1199 221 1284 285 ut
1315 210 1688 303 principio,
1722 209 1984 293 medio,
2017 210 2161 282 fine
2193 216 2490 288 utatur;
2539 220 2627 282 ut
2648 211 2857 302 justa
2890 210 2991 283 sit

867 328 1391 425 magnitudine,
1426 348 1660 419 neque
1695 336 1927 397 certos
1961 335 2367 417 temporum
2403 323 2581 395 fines
2622 335 2990 407 transeat;

867 458 955 517 ut
989 444 1269 539 poetico
1304 466 1449 514 non
1484 441 1824 534 historico
1860 464 2057 513 more
2090 440 2165 511 in
2213 440 2489 513 medias
2534 464 2649 512 res
2694 442 2991 514 descen,

868 560 1038 642 dat;
1087 568 1172 630 ut
1207 567 1447 649 partes
1481 568 1648 649 apte
1680 556 1873 628 inter
1906 579 1981 627 se
2011 557 2468 636 cohaereant;
2520 569 2605 626 ut
2638 555 2774 627 sibi
2820 581 2989 628 con-

869 688 1063 751 stent
1097 698 1457 769 personae3
1508 683 1913 766 caeteraque
1964 672 2041 744 in
2093 674 2230 743 hoc
2280 695 2545 766 genere
2595 674 2987 764 complura,

868 816 1033 887 quae
1099 801 1260 863 tum
1328 790 1620 880 demum
1690 789 2024 881 persequi
2089 788 2468 879 oportebit,
2536 788 2826 880 quando
2892 789 2989 860 ad

868 916 1203 1001 quartam
1271 904 1593 976 instituti
1659 906 1960 998 hujusce
2021 913 2303 994 partem
2369 902 2764 975 deventum
2824 903 2985 975 erit.

751 1023 761 1032 '
869 1023 1087 1094 Nunc
1120 1021 1302 1093 illud
1333 1030 1622 1092 tantum
1648 1019 2044 1101 videamuS,
2070 1019 2266 1112 quod
2298 1016 2698 1111 qfflectuum
2733 1021 2990 1091 huma-

869 1162 1128 1216 norum
1161 1137 1348 1209 ratio
1382 1160 1466 1207 ac
1499 1147 1760 1207 natura
1794 1136 2132 1227 postulat.

971 1254 1301 1325 Primum
1334 1252 1559 1347 igitur
1592 1262 1724 1334 est,
1751 1249 1945 1343 quod
1971 1249 2099 1321 vix
2132 1249 2372 1320 forsan
2405 1260 2768 1342 praeoepto
2800 1249 2989 1321 indi-

868 1390 1039 1463 gere
1063 1368 1411 1449 videatur,
1432 1377 1517 1437 ut
1536 1366 1614 1436 in
1640 1361 2063 1438 Hominum
2098 1364 2415 1437 moribus
2449 1389 2535 1437 ac
2566 1365 2878 1438 fortunis
2910 1388 2989 1437 se

870 1491 1205 1553 exerceat
1233 1481 1482 1562 Poeta,
1509 1479 1568 1550 si
1596 1490 1915 1551 mentem
1941 1479 2115 1552 velit
2139 1480 2427 1573 penitus
2462 1480 2821 1575 attingens
2854 1480 2989 1551 hu,

870 1618 1182 1670 manain.
1286 1593 1490 1666 Sicut
1523 1592 1716 1665 enim
1753 1618 1885 1664 sua
1917 1617 2031 1664 res
2066 1593 2382 1678 maxime
2427 1597 2775 1690 quusque
2826 1617 2987 1666 nos·

869 1722 1064 1785 trum
1100 1711 1423 1793 interest,
1456 1709 1565 1781 ita
1597 1708 1658 1780 si
1691 1710 1784 1781 ad
1828 1709 2243 1780 universum
2288 1732 2515 1804 genus
2562 1720 2987 1802 spectemus,

871 1830 1087 1899 homo
1113 1825 1384 1897 homini
1412 1848 1696 1896 necesse
1723 1835 1831 1896 est
1854 1824 2301 1896 carissimum
2321 1826 2691 1897 habeatur.
2745 1826 2986 1908 Quare

869 1944 1138 2024 frustra
1170 1965 1290 2013 eos
1325 1964 1614 2034 operam
1642 1939 1875 2012 Musis
1901 1939 2334 2031 impendisse
2358 1940 2717 2025 existimo,
2743 1942 2871 2035 qui
2895 1941 2987 2013 de

873 2059 1087 2131 Orbis
1137 2057 1303 2141 situ,
1339 2058 1430 2129 de
1476 2056 1636 2130 coeli
1682 2056 2091 2151 regionibus
2141 2063 2217 2127 et
2270 2065 2469 2130 motu
2523 2057 2862 2140 siderum,
2896 2057 2988 2132 de

873 2186 1135 2249 natura
1182 2175 1485 2268 piscium
1537 2197 1620 2245 ac
1671 2174 1985 2245 ferarum
2037 2195 2179 2244 non
2229 2172 2382 2245 sine
2428 2198 2600 2247 cura
2641 2184 2715 2247 et
2747 2176 2987 2246 labore

873 2290 1191 2362 carmina
1216 2288 1716 2363 condiderunt.
1768 2287 2040 2380 Ecquis
2067 2286 2259 2362 enim
2286 2287 2747 2380 Empedoclis
2772 2312 2988 2380 opera

875 2425 1226 2480 annorum
1274 2402 1540 2497 injuria
1590 2401 2026 2495 interempta
2076 2403 2271 2474 dolet
2294 2404 2329 2474 P
2401 2404 2636 2485 Quem
2694 2413 2990 2477 movent

875 2527 1004 2590 aut
1038 2517 1131 2592 ad
1164 2516 1676 2612 perlegendum
1722 2520 2027 2592 trahunt
2062 2517 2277 2592 Arati
2312 2519 2825 2602 Phaenomena,
2859 2527 2988 2594 aut

876 2630 1192 2724 quinque
1240 2630 1346 2705 illi
1379 2629 1935 2705 Astronomicfin
1971 2632 2137 2705 libri
2182 2656 2227 2706 a
2262 2629 2572 2706 Manilio
2619 2633 2931 2710 confecti
2949 2634 2987 2711 Β

876 2745 1132 2839 quibus
1164 2756 1407 2819 tamen
1445 2746 1951 2820 oblectamenti
1982 2747 2220 2843 gratia
2252 2748 2530 2823 fabulas
2553 2750 2855 2825 heroum
2878 2748 2992 2821 in-

878 2871 1256 2933 seruerunt
1276 2864 1698 2955 complures,
1725 2864 2039 2958 eleganti
2066 2864 2238 2940 satis
2264 2875 2339 2937 et
2359 2874 2646 2957 compto
2671 2866 2989 2941 carmine

878 2977 1336 3070 conscriptas.
1408 2977 1588 3060 Quis
1623 2977 2053 3070 Dionysium
2090 3001 2433 3072 unquam,
2466 2979 2605 3055 nisi
2639 2989 2725 3053 ut
2759 2981 2992 3076 regim

877 3116 1055 3170 num
1090 3096 1518 3188 urbiumque
1553 3093 1731 3170 situs
1766 3104 2043 3166 veteres
2088 3106 2570 3189 cognosceret,
2603 3095 2677 3168 in
2732 3120 2990 3170 manus
3067 3148 3075 3153 -

880 3209 1244 3300 suscepit?
1327 3208 1790 3283 Manethonis
1856 3218 2101 3284 autem
2170 3220 2244 3284 et
2297 3210 2747 3287 Artemidori
2812 3213 2993 3285 deli-r

879 3331 1209 3394 ramenta
1243 3323 1459 3394 miror
1492 3324 1825 3416 equidem
1860 3347 2004 3417 quo
2037 3324 2192 3397 fato
2226 3325 2319 3401 ad
2363 3327 2558 3400 huuc
2604 3326 2798 3401 diem
2844 3351 2994 3401 ser-

882 3445 1050 3513 vata
1098 3436 1409 3518 fuerint;
1460 3439 1654 3530 quod
1692 3441 1849 3532 jam
1892 3440 2016 3516 diu
2054 3440 2373 3513 omnium
2412 3452 2829 3534 contemptu
2865 3465 2993 3533 ⁰1¹³

881 3573 1124 3642 pressa
1162 3552 1547 3645 jacuerint,
1582 3576 2037 3648 nequaquam
2072 3557 2310 3632 miror.
2412 3557 2664 3629 Etiam
2698 3557 2823 3628 illa
2856 3557 2994 3628 Ni„

882 3666 1132 3738 candri
1162 3667 1254 3739 de
1288 3667 1773 3762 Sex-pentibus,
1809 3670 2199 3750 admodum
2246 3682 2320 3744 et
2356 3673 2590 3747 verbis
2629 3684 2704 3744 et
2737 3696 2993 3749 numee

881 3781 981 3856 ris
1012 3783 1258 3877 polita,
1291 3794 1368 3859 et
1390 3785 1769 3863 nobiliores
1803 3786 2116 3880 Oppiani
2149 3811 2394 3861 versus
2426 3811 2841 3883 quanquam
2876 3811 2993 3866 res

884 3897 1284 3994 attigerunt
1319 3899 1546 3997 magis
1579 3903 1673 3983 ad
1698 3901 1925 3979 vitam
1958 3901 2374 3989 attinentes,
2400 3916 2619 3999 atque
2650 3905 2772 3990 ille
2804 3927 2992 3997 prebe
