3559 5575
470 163 534 234 136
837 169 959 234 PARS
982 168 1143 232 PRIMA
1339 167 1455 232 Pur.
1471 169 1533 233 X.

417 375 420 382 ¹
520 343 656 412 Eorum
681 341 793 437 igitur
818 341 879 434 qui
905 341 942 411 in
970 339 1175 435 hujusmodi
1205 348 1419 433 argumento
1445 363 1532 410 ver·

468 466 593 527 santur
617 457 752 548 duplex
781 456 928 526 omnino
953 465 1009 526 est
1031 455 1134 525 ratio.
1187 443 1286 541 Una,
1303 478 1386 547 quae
1408 456 1532 525 mani·

468 571 559 642 festa
576 571 771 642 affectuum
789 571 892 664 signa
907 570 1133 662 proferendo,
1150 568 1257 640 sicuti
1274 593 1313 639 se
1336 571 1470 641 habeut
1485 570 1529 640 in

468 709 541 769 ore,
564 684 684 761 oculis,
704 687 803 756 vultu
831 685 1030 766 hominurn,
1054 693 1119 754 aut
1144 694 1242 755 statu
1268 684 1423 776 denique
1450 708 1531 755 mo-

469 817 581 899 tuque
606 805 772 897 corporis,
796 806 947 876 affectus
972 805 1067 896 ipsos
1096 805 1360 897 quodammodo
1389 805 1528 876 imitari

468 922 621 1002 dicitur;
647 923 770 1004 altera,
788 920 947 992 externis
965 919 1061 990 hisce
1079 919 1217 990 omissis
1234 929 1299 990 aut
1314 930 1411 990 certe
1427 931 1529 1010 post

469 1036 612 1120 habitis,
629 1035 814 1107 interiores
831 1043 978 1105 tantum
992 1043 1030 1104 et
1047 1035 1176 1105 tacitos
1192 1035 1304 1104 animi
1320 1057 1444 1104 seusus
1460 1057 1528 1104 cx-

469 1153 650 1245 sequitur;
667 1173 820 1244 quorum
832 1149 910 1219 aliis
926 1158 1024 1218 uotae
1040 1158 1076 1219 et
1094 1148 1197 1242 signa
1213 1162 1366 1219 externa
1381 1170 1526 1239 prorsus

468 1269 611 1350 desunt,
629 1266 707 1338 aliis
720 1289 815 1349 vero,
827 1264 912 1335 lieet
924 1262 997 1334 siut
1009 1285 1074 1333 sua
1091 1263 1352 1356 qualiacunque
1367 1264 1526 1355 eorporis

468 1381 612 1464 indicia,
626 1385 739 1453 levem
758 1392 882 1451 tamen
901 1382 979 1448 haec
995 1388 1033 1448 et
1047 1378 1195 1449 minime
1206 1379 1345 1472 justam
1360 1380 1526 1470 praebent

469 1495 664 1590 imaginem
699 1518 822 1566 eorum
857 1516 938 1587 quae
971 1492 1070 1564 intus
1107 1504 1255 1565 movent
1288 1492 1526 1587 mordentque

471 1612 644 1681 animum.

522 1726 566 1795 ln
594 1725 711 1818 priore
736 1724 796 1794 illo
821 1747 952 1819 genere
977 1723 1082 1795 facilc
1108 1735 1276 1818 praestare
1301 1748 1323 1794 a
1346 1724 1524 1818 plerisque

471 1839 593 1910 habita
610 1849 665 1910 est
682 1839 834 1930 pictura,
852 1849 894 1909 ut
910 1862 993 1930 quae
1010 1839 1189 1934 integram
1212 1838 1326 1932 magis
1349 1848 1524 1930 proponat

470 1955 623 2050 effigiem
641 1966 678 2026 et
696 1955 840 2026 veritati
857 1953 1069 2046 propiorem,
1086 1978 1194 2047 quam
1212 1955 1286 2024 ulla
1306 1954 1417 2044 possit
1434 1954 1524 2024 effici

471 2074 527 2142 vel
561 2070 794 2142 disertissima
828 2070 1017 2140 verborum
1051 2069 1152 2140 serie.
1202 2069 1374 2139 Alterum
1410 2091 1522 2162 genus

471 2188 547 2258 fieri
573 2211 643 2260 non
668 2196 786 2279 potest
802 2184 889 2278 quin
913 2183 988 2254 fere
1010 2193 1127 2254 totum
1152 2183 1266 2275 poetis
1289 2182 1523 2276 relinquatur.

471 2303 612 2395 Nempe
641 2302 703 2373 ubi
732 2300 908 2396 ejusmodi
935 2309 1127 2390 conceptus
1153 2298 1325 2370 declarem
1349 2301 1522 2384 volumus,

471 2418 534 2509 qui
551 2420 671 2487 vultus
688 2427 725 2486 et
742 2416 897 2506 corporis
914 2413 1039 2485 habitu
1057 2437 1182 2504 parum
1204 2413 1445 2498 innotescunt,
1461 2416 1525 2486 ad·

470 2532 637 2602 hibentur
662 2552 804 2599 necesse
827 2539 882 2598 est
902 2527 971 2598 ista
994 2552 1063 2612 ars,
1085 2552 1167 2621 quae
1192 2528 1377 2613 subtiliori,
1392 2531 1524 2601 instru-

470 2654 593 2718 mento
628 2643 762 2722 utitur;
801 2643 1011 2735 aditumque
1046 2644 1112 2715 sibi
1142 2644 1189 2715 ad
1219 2656 1357 2717 meotes
1390 2645 1521 2717 alienas

470 2759 589 2842 struit,
608 2782 676 2829 nou
699 2768 838 2829 rectum
861 2759 963 2829 illum
988 2770 1097 2852 atque
1120 2769 1296 2852 apertum,
1314 2761 1378 2831 sed
1400 2761 1523 2833 abdita

470 2875 625 2969 quadam
660 2874 718 2946 via
751 2884 789 2945 et
823 2874 971 2945 occultis
998 2875 1109 2967 ‚quasi
1143 2873 1327 2967 spiraculis
1367 2900 1406 2948 se
1438 2876 1525 2947 insi·

471 3014 597 3062 nuans.

521 3106 701 3178 Nimirum
729 3116 823 3177 artes
848 3107 907 3177 hae
930 3104 976 3176 de
998 3106 1128 3197 quibus
1146 3129 1242 3177 nunc
1258 3105 1449 3199 loquimur,
1465 3116 1522 3177 ut-

470 3247 611 3315 cunque
637 3223 673 3292 in
700 3221 840 3293 caeteris
863 3218 1137 3304 consentientes,
1154 3222 1222 3291 hac
1239 3245 1368 3292 unare
1384 3221 1522 3313 potissi-

470 3360 570 3408 mum
592 3338 687 3407 inter
711 3360 749 3407 se
772 3337 929 3415 distant3
955 3334 1051 3426 quod
1067 3335 1115 3420 in,
1123 3336 1275 3428 pictura,
1292 3348 1453 3429 spectatu
1468 3362 1522 3408 sa·

470 3450 516 3520 tis
533 3460 642 3542 atque
659 3452 787 3519 hausta
803 3449 915 3519 oculis
931 3461 1081 3519 externa
1099 3451 1255 3540 corporis
1277 3451 1405 3543 specie,
1423 3474 1520 3524 mens

469 3563 592 3634 statim
610 3564 657 3634 ad
673 3562 858 3633 interiores
876 3586 999 3633 sensus
1012 3564 1152 3649 transit,
1166 3566 1228 3657 qui
1245 3590 1327 3637 cum
1346 3567 1520 3659 descripta

469 3678 586 3772 effigie
612 3677 779 3747 videntur
812 3678 969 3747 maxime
997 3701 1074 3750 esse
1104 3682 1307 3773 conjuncti:
1334 3693 1458 3754 contra
1483 3682 1520 3763 in

469 3794 579 3888 poesi,
601 3792 766 3885 perlectis
792 3793 1009 3864 carminibus
1038 3795 1167 3886 quibus
1196 3796 1291 3867 inest
1317 3821 1455 3868 morum
1484 3808 1522 3868 et

472 3910 666 4009 affectuum
696 3908 863 3991 imitatio,
893 3910 1018 3980 lectori
1045 3911 1217 3983 continuo
1246 3936 1407 4004 personae
1436 3912 1521 4004 ipsae

467 4050 585 4097 coram
613 4035 707 4095 stare
733 4032 841 4122 atque
869 4047 975 4117 agere
1003 4025 1183 4108 videntur,
1205 4028 1305 4120 justa
1333 4050 1521 4120 corporum
