3559 5575
868 72 1000 139 136
1543 67 1787 133 PARS
1834 65 2282 131 SECUNDA
2503 68 2733 133 Pam„
2766 70 3008 135 XIII.

869 246 1091 328 venit,
1126 253 1210 315 ut
1242 265 1402 336 quae
1443 242 1787 314 acerrime
1832 250 2286 311 commovent
2318 262 2568 311 sensus
2614 242 3003 316 diuturnae

867 383 1021 433 esse
1053 366 1439 451 nequeant,
1467 355 1837 450 magisque
1862 353 2103 425 solidis
2136 352 2565 446 quibusdam
2602 358 2889 428 alamur
2908 370 2997 430 et
3361 392 3363 423 ;

866 476 1360 555 mediocribus,
1404 472 1511 543 ita
1571 470 1697 563 qui
1756 479 2076 541 mentem
2136 478 2213 540 et
2266 464 2568 542 affectus
2628 474 2847 567 longo
2905 475 2993 545 in
3311 393 3356 536 s

863 598 1193 682 poemate
1226 570 1536 659 retinere
1572 584 1768 666 velit,
1805 584 1930 676 qui
1964 584 2312 675 plausoris
2345 597 2556 679 egeat
3293 567 3328 672 Ι

1534 712 1767 778 Aulaea
1797 712 2126 788 manentiS,
2158 725 2222 776 et
2251 734 2457 797 usque

1042 817 1308 896 Sessuri,
1340 815 1541 880 donec
1567 829 1787 879 cantor
1818 838 1927 878 vos
1955 813 2263 899 plaudite,
2294 813 2486 892 dicat,

865 940 1184 1033 profecto
1216 938 1338 1009 ille
1371 962 1416 1008 a
1448 939 1626 1010 coelo
1661 936 1754 1006 ad
1791 946 2041 1017 terraS,
2075 935 2168 1005 ad
2205 934 2430 1005 vitam
2464 945 2540 1005 et
2574 959 2809 1007 mores
2856 940 2983 1009 ho·

867 1058 1147 1134 minum
1208 1054 1594 1127 descendat
1644 1075 1929 1123 necesse
1980 1059 2113 1122 est.
2217 1051 2336 1123 Ita
2384 1061 2631 1122 autem
2693 1076 2770 1122 se
2825 1076 2980 1124 rem

866 1174 1128 1245 habere
1178 1171 1396 1244 etiam
1432 1168 1694 1241 veteris
1731 1167 2141 1261 Tragoediae
2188 1170 2522 1259 exemplo
2571 1169 2979 1239 confirmari

868 1286 1217 1371 videmus,
1251 1308 1412 1379 quae
1445 1284 1637 1356 Deos
1670 1282 1842 1354 olim
1878 1292 1953 1352 et
1985 1283 2311 1353 fabulosa
2347 1283 2728 1354 vetustatis
2764 1284 2979 1354 mira-

865 1403 1028 1472 cula
1061 1403 1489 1483 attentabat,
1516 1398 2123 1492 quemadmodum
2150 1398 2226 1467 in
2255 1397 2687 1469 Prometheo
2708 1398 2976 1470 Vincto

864 1516 1210 1608 AEschyli,
1245 1514 1683 1587 nobilissima
1718 1513 2129 1609 Tragoedia,
2165 1513 2378 1584 hodie
2414 1523 2736 1604 spectare
2783 1513 2975 1600 licet,

866 1630 1093 1702 donec
1150 1631 1523 1724 paullatim
1585 1629 1963 1722 scriptores
2020 1628 2469 1723 experientia
2525 1629 2762 1699 edocti
2823 1650 2974 1701 rem

867 1744 1096 1840 magis
1145 1745 1240 1815 ad
1290 1767 1573 1816 sensum
1644 1744 2020 1816 hominum
2071 1767 2525 1815 communem
2578 1766 2974 1815 accommo-

868 1862 1038 1935 dare
1072 1868 1462 1952 coeperunt.

912 2117 918 2121 ·
968 2092 1158 2163 Satis
1192 2093 1349 2187 jam
1383 2089 1458 2160 in
1493 2113 1578 2161 eo
1613 2100 1935 2160 versatus
1968 2089 2188 2161 fuisse
2224 2088 2493 2177 videor,
2529 2099 2612 2159 ut
2646 2087 2973 2180 scriptori
3300 2083 3322 2274 ἃ

868 2208 991 2301 qui
1019 2230 1371 2280 summam
1398 2206 1572 2278 artis
1598 2204 1879 2298 assequi
1902 2205 2243 2288 studebit,
2263 2206 2445 2276 nihil
2470 2206 2970 2299 attingendum

868 2324 1185 2406 doceam,
1220 2323 1359 2392 nisi
1408 2323 1602 2414 quod
1651 2321 1928 2393 homini
1978 2332 2230 2413 sponte
2277 2322 2371 2392 sit
2410 2332 2724 2416 gratum,
2759 2330 2835 2391 et
2867 2320 2974 2390 af-

865 2437 1170 2510 fectibus
1206 2436 1536 2507 humanis
1569 2438 1760 2508 ultro
1796 2460 1871 2507 se
1906 2439 2380 2509 commendet.
2450 2438 2576 2507 Ex
2608 2437 2696 2507 iis
2729 2446 2970 2508 autem

868 2575 1033 2645 quae
1079 2554 1213 2623 hac
1256 2553 1414 2645 lege
1459 2552 1808 2622 sumenda
1847 2563 2084 2639 erunt,
2118 2553 2408 2645 insuper
2452 2575 2645 2623 curae
2679 2552 2819 2622 erit
2853 2553 2972 2623 de-
3327 2559 3335 2574 '

866 2669 1110 2763 ligere,
1162 2666 1355 2758 quod
1405 2662 1516 2735 ad
1559 2687 1683 2736 eos
1734 2664 2131 2762 proecipue
2173 2665 2567 2763 pertinere
2625 2664 2975 2739 videatur

868 2780 1085 2879 apud
1112 2804 1297 2877 quo-s·
1328 2789 1558 2876 agat.-
1597 2806 1690 2854 ne
1723 2792 2013 2855 tantum
2048 2784 2337 2879 regione
2371 2795 2500 2855 aut
2533 2784 2972 2877 temporibus

867 2899 1108 2983 distet,
1134 2910 1220 2970 ut
1245 2899 1556 2971 alienum
1582 2899 1925 2993 quiddam
1950 2899 2299 2972 videatur.
2370 2900 2565 2970 Tum
2592 2900 2671 2970 id
2694 2923 2974 2992 semper
3326 2940 3336 2991 ς

866 3016 1238 3109 providere
1272 3015 1650 3108 oportebit,
1675 3014 1851 3107 quid
1880 3037 2011 3084 sua
2041 3037 2218 3108 gens
2250 3016 2586 3108 postulet,
2612 3014 2789 3108 quid
2822 3039 2970 3086 suae

752 3209 758 3212 ,
867 3134 1103 3203 aetatis
1139 3156 1321 3203 vena
1355 3142 1430 3202 et
1462 3130 1901 3203 consuetudo
1933 3130 2141 3201 ferat.
2242 3131 2552 3212 Quando
2585 3132 2777 3202 enim
2814 3155 2973 3223 per-

869 3247 1114 3340 magni
1146 3245 1489 3318 interesse
1530 3256 1812 3318 constat
1845 3245 1921 3316 in
1968 3245 2410 3317 concitandis
2454 3247 2852 3329 affectibuS,
2887 3257 2972 3318 ut

868 3362 1289 3432 benevolum
1342 3363 1729 3434 habeamus
1782 3361 2223 3444 auditorem;
2274 3363 2768 3433 benevolentia
2806 3386 2972 3435 vero

867 3474 1099 3544 omnis
1133 3497 1252 3545 eos
1285 3475 1731 3568 potissimum
1767 3478 2092 3569 sequitur
2115 3477 2235 3569 qui
2266 3477 2491 3548 nostri
2517 3477 2664 3548 sint
2683 3477 2972 3562 similes,
3312 3522 3326 3573 t

867 3596 996 3659 aut
1031 3587 1398 3660 nobiscum
1439 3613 1579 3660 una
1615 3591 1953 3663 societate
1987 3591 2227 3685 aliqua
2257 3591 2530 3663 fuerint
2564 3592 2972 3686 conjuncti;
3294 3610 3319 4140 ί

866 3703 1095 3799 magis
1140 3715 1333 3776 certe
1378 3705 1697 3776 animum
1744 3707 2021 3780 tenebit
2053 3708 2296 3779 fabula
2343 3730 2510 3800 quae
2561 3706 2970 3801 hujusmodi

864 3829 1114 3892 utetur
1149 3820 1481 3905 moribus,
1516 3845 1734 3914 quam
1767 3847 1933 3917 quae
1967 3824 2157 3895 circa
2188 3822 2589 3896 barbariem
2622 3834 2699 3895 et
2733 3836 2975 3894 vetus-

864 3938 1036 4013 tatis
1070 3940 1398 4012 tenebars
1429 3940 1751 4012 haerebit.
