<?xml version="1.0" encoding="UTF-8"?>
<!DOCTYPE html PUBLIC "-//W3C//DTD XHTML 1.0 Transitional//EN"
    "http://www.w3.org/TR/xhtml1/DTD/xhtml1-transitional.dtd">
<html xmlns="http://www.w3.org/1999/xhtml" xml:lang="en" lang="en">
 <head>
  <title>
</title>
<meta http-equiv="Content-Type" content="text/html;charset=utf-8" />
  <meta name='ocr-system' content='tesseract 3.04.00' />
  <meta name='ocr-capabilities' content='ocr_page ocr_carea ocr_par ocr_line ocrx_word'/>
</head>
<body>
  <div class='ocr_page' id='page_1' title='image "./praelectionesac00coplgoog_0249.png"; bbox 0 0 3559 5575; ppageno 0'>
   <div class='ocr_carea' id='block_1_1' title="bbox 493 68 1555 141">
    <p class='ocr_par' dir='ltr' id='par_1_1' title="bbox 493 68 1555 141">
     <span class='ocr_line' id='line_1_1' title="bbox 493 68 1555 141; baseline -0.007 0"><span class='ocrx_word' id='word_1_1' title='bbox 493 76 560 141; x_wconf 72' lang='lat'>238</span> <span class='ocrx_word' id='word_1_2' title='bbox 834 70 955 136; x_wconf 83' lang='lat' dir='ltr'>PARS</span> <span class='ocrx_word' id='word_1_3' title='bbox 978 69 1202 136; x_wconf 87' lang='lat' dir='ltr'>SECUNDA</span> <span class='ocrx_word' id='word_1_4' title='bbox 1283 68 1395 132; x_wconf 66' lang='lat' dir='ltr'>Pacu.</span> <span class='ocrx_word' id='word_1_5' title='bbox 1408 68 1555 135; x_wconf 83' lang='lat' dir='ltr'><strong>XVIII.</strong></span> 
     </span>
    </p>
   </div>
   <div class='ocr_carea' id='block_1_2' title="bbox 493 241 1555 2540">
    <p class='ocr_par' dir='ltr' id='par_1_2' title="bbox 493 241 1555 2540">
     <span class='ocr_line' id='line_1_2' title="bbox 494 241 1555 338; baseline -0.005 -19"><span class='ocrx_word' id='word_1_6' title='bbox 494 257 692 329; x_wconf 70' lang='lat' dir='ltr'>cantares</span> <span class='ocrx_word' id='word_1_7' title='bbox 714 244 760 315; x_wconf 94' lang='lat' dir='ltr'>ad</span> <span class='ocrx_word' id='word_1_8' title='bbox 786 266 950 316; x_wconf 91' lang='lat' dir='ltr'>normam</span> <span class='ocrx_word' id='word_1_9' title='bbox 974 244 1131 337; x_wconf 80' lang='lat' dir='ltr'><strong>aliquam</strong></span> <span class='ocrx_word' id='word_1_10' title='bbox 1155 242 1314 338; x_wconf 82' lang='lat' dir='ltr'>exigere,</span> <span class='ocrx_word' id='word_1_11' title='bbox 1338 253 1377 314; x_wconf 89' lang='lat' dir='ltr'>et</span> <span class='ocrx_word' id='word_1_12' title='bbox 1398 241 1555 314; x_wconf 86' lang='lat' dir='ltr'>certiore</span> 
     </span>
     <span class='ocr_line' id='line_1_3' title="bbox 493 359 1521 458; baseline -0.006 -23"><span class='ocrx_word' id='word_1_13' title='bbox 493 364 649 458; x_wconf 91' lang='lat' dir='ltr'>quadam</span> <span class='ocrx_word' id='word_1_14' title='bbox 666 360 854 453; x_wconf 85' lang='lat' dir='ltr'><strong>disciplina</strong></span> <span class='ocrx_word' id='word_1_15' title='bbox 871 360 1090 432; x_wconf 88' lang='lat' dir='ltr'>constituere</span> <span class='ocrx_word' id='word_1_16' title='bbox 1106 369 1145 430; x_wconf 88' lang='lat' dir='ltr'>et</span> <span class='ocrx_word' id='word_1_17' title='bbox 1160 359 1351 451; x_wconf 87' lang='lat' dir='ltr'>complecti</span> <span class='ocrx_word' id='word_1_18' title='bbox 1369 382 1521 453; x_wconf 84' lang='lat' dir='ltr'>possem.</span> 
     </span>
     <span class='ocr_line' id='line_1_4' title="bbox 543 473 1553 571; baseline -0.004 -21"><span class='ocrx_word' id='word_1_19' title='bbox 543 480 785 561; x_wconf 86' lang='lat' dir='ltr'>Quamobrem</span> <span class='ocrx_word' id='word_1_20' title='bbox 799 502 820 548; x_wconf 90' lang='lat' dir='ltr'>a</span> <span class='ocrx_word' id='word_1_21' title='bbox 835 475 1009 571; x_wconf 89' lang='lat' dir='ltr'>principio</span> <span class='ocrx_word' id='word_1_22' title='bbox 1026 474 1150 547; x_wconf 90' lang='lat' dir='ltr'>statim</span> <span class='ocrx_word' id='word_1_23' title='bbox 1166 473 1258 547; x_wconf 90' lang='lat' dir='ltr'>illud</span> <span class='ocrx_word' id='word_1_24' title='bbox 1273 476 1553 569; x_wconf 82' lang='lat' dir='ltr'>praecavendum</span> 
     </span>
     <span class='ocr_line' id='line_1_5' title="bbox 493 590 1554 684; baseline -0.005 -16"><span class='ocrx_word' id='word_1_25' title='bbox 493 594 710 677; x_wconf 87' lang='lat' dir='ltr'>existimavi,</span> <span class='ocrx_word' id='word_1_26' title='bbox 734 616 792 677; x_wconf 91' lang='lat' dir='ltr'>ne,</span> <span class='ocrx_word' id='word_1_27' title='bbox 819 592 849 663; x_wconf 93' lang='lat' dir='ltr'>si</span> <span class='ocrx_word' id='word_1_28' title='bbox 877 592 1028 663; x_wconf 82' lang='lat' dir='ltr'>insaniae</span> <span class='ocrx_word' id='word_1_29' title='bbox 1059 590 1221 684; x_wconf 82' lang='lat' dir='ltr'>partibus</span> <span class='ocrx_word' id='word_1_30' title='bbox 1252 591 1372 662; x_wconf 87' lang='lat' dir='ltr'>minus</span> <span class='ocrx_word' id='word_1_31' title='bbox 1400 591 1554 663; x_wconf 86' lang='lat' dir='ltr'>fortasse</span> 
     </span>
     <span class='ocr_line' id='line_1_6' title="bbox 494 692 1553 806; baseline -0.005 -23"><span class='ocrx_word' id='word_1_32' title='bbox 494 692 603 806; x_wconf 87' lang='lat' dir='ltr'>quam</span> <span class='ocrx_word' id='word_1_33' title='bbox 616 712 731 782; x_wconf 81' lang='lat' dir='ltr'>solent</span> <span class='ocrx_word' id='word_1_34' title='bbox 741 708 901 802; x_wconf 89' lang='lat' dir='ltr'>plerique</span> <span class='ocrx_word' id='word_1_35' title='bbox 913 708 1070 779; x_wconf 84' lang='lat' dir='ltr'>tribuam</span> <span class='ocrx_word' id='word_1_36' title='bbox 1083 706 1121 776; x_wconf 91' lang='lat' dir='ltr'>in</span> <span class='ocrx_word' id='word_1_37' title='bbox 1136 705 1379 778; x_wconf 88' lang='lat' dir='ltr'>misericordia</span> <span class='ocrx_word' id='word_1_38' title='bbox 1395 731 1553 779; x_wconf 90' lang='lat' dir='ltr'>commo-</span> 
     </span>
     <span class='ocr_line' id='line_1_7' title="bbox 495 822 1550 917; baseline 0.001 -22"><span class='ocrx_word' id='word_1_39' title='bbox 495 827 623 912; x_wconf 87' lang='lat' dir='ltr'>venda,</span> <span class='ocrx_word' id='word_1_40' title='bbox 640 826 772 897; x_wconf 89' lang='lat' dir='ltr'>idcirco</span> <span class='ocrx_word' id='word_1_41' title='bbox 790 848 849 896; x_wconf 88' lang='lat' dir='ltr'>eas</span> <span class='ocrx_word' id='word_1_42' title='bbox 867 849 889 894; x_wconf 98' lang='lat' dir='ltr'>a</span> <span class='ocrx_word' id='word_1_43' title='bbox 906 823 1021 917; x_wconf 90' lang='lat' dir='ltr'>poetis</span> <span class='ocrx_word' id='word_1_44' title='bbox 1037 822 1249 916; x_wconf 88' lang='lat' dir='ltr'>rejiciendas</span> <span class='ocrx_word' id='word_1_45' title='bbox 1267 825 1398 894; x_wconf 83' lang='lat' dir='ltr'>habere</span> <span class='ocrx_word' id='word_1_46' title='bbox 1416 824 1550 897; x_wconf 87' lang='lat' dir='ltr'>videar.</span> 
     </span>
     <span class='ocr_line' id='line_1_8' title="bbox 495 937 1552 1035; baseline -0.003 -21"><span class='ocrx_word' id='word_1_47' title='bbox 495 942 645 1014; x_wconf 80' lang='lat' dir='ltr'>Etenim</span> <span class='ocrx_word' id='word_1_48' title='bbox 679 942 858 1035; x_wconf 87' lang='lat' dir='ltr'>permulta</span> <span class='ocrx_word' id='word_1_49' title='bbox 887 949 973 1010; x_wconf 91' lang='lat' dir='ltr'>sunt</span> <span class='ocrx_word' id='word_1_50' title='bbox 998 938 1243 1011; x_wconf 86' lang='lat' dir='ltr'>inmalorum</span> <span class='ocrx_word' id='word_1_51' title='bbox 1270 941 1348 1011; x_wconf 93' lang='lat' dir='ltr'>loco</span> <span class='ocrx_word' id='word_1_52' title='bbox 1375 937 1552 1026; x_wconf 75' lang='lat' dir='ltr'>habenda,</span> 
     </span>
     <span class='ocr_line' id='line_1_9' title="bbox 495 1053 1552 1153; baseline -0.001 -24"><span class='ocrx_word' id='word_1_53' title='bbox 495 1057 641 1130; x_wconf 87' lang='lat' dir='ltr'>horrida</span> <span class='ocrx_word' id='word_1_54' title='bbox 657 1057 771 1153; x_wconf 87' lang='lat' dir='ltr'>magis</span> <span class='ocrx_word' id='word_1_55' title='bbox 788 1079 896 1151; x_wconf 90' lang='lat' dir='ltr'>quam</span> <span class='ocrx_word' id='word_1_56' title='bbox 914 1053 1068 1135; x_wconf 88' lang='lat' dir='ltr'>flebilia;</span> <span class='ocrx_word' id='word_1_57' title='bbox 1093 1054 1223 1149; x_wconf 90' lang='lat' dir='ltr'>quibus</span> <span class='ocrx_word' id='word_1_58' title='bbox 1246 1055 1445 1147; x_wconf 89' lang='lat' dir='ltr'>conspectis</span> <span class='ocrx_word' id='word_1_59' title='bbox 1466 1057 1552 1128; x_wconf 87' lang='lat' dir='ltr'>licet</span> 
     </span>
     <span class='ocr_line' id='line_1_10' title="bbox 496 1170 1551 1265; baseline -0.001 -22"><span class='ocrx_word' id='word_1_60' title='bbox 496 1176 727 1245; x_wconf 86' lang='lat' dir='ltr'>vehementer</span> <span class='ocrx_word' id='word_1_61' title='bbox 760 1172 975 1264; x_wconf 84' lang='lat' dir='ltr'>percellatur</span> <span class='ocrx_word' id='word_1_62' title='bbox 1006 1170 1159 1265; x_wconf 81' lang='lat' dir='ltr'>legentis</span> <span class='ocrx_word' id='word_1_63' title='bbox 1192 1181 1329 1262; x_wconf 88' lang='lat' dir='ltr'>peetus,</span> <span class='ocrx_word' id='word_1_64' title='bbox 1363 1192 1436 1240; x_wconf 92' lang='lat' dir='ltr'>non</span> <span class='ocrx_word' id='word_1_65' title='bbox 1478 1172 1551 1242; x_wconf 89' lang='lat' dir='ltr'>leni</span> 
     </span>
     <span class='ocr_line' id='line_1_11' title="bbox 496 1285 1552 1379; baseline -0.003 -18"><span class='ocrx_word' id='word_1_66' title='bbox 496 1299 617 1361; x_wconf 89' lang='lat' dir='ltr'>tamen</span> <span class='ocrx_word' id='word_1_67' title='bbox 642 1312 746 1361; x_wconf 87' lang='lat' dir='ltr'>sensu</span> <span class='ocrx_word' id='word_1_68' title='bbox 770 1298 807 1359; x_wconf 91' lang='lat' dir='ltr'>et</span> <span class='ocrx_word' id='word_1_69' title='bbox 825 1285 1028 1379; x_wconf 87' lang='lat' dir='ltr'>sympathia</span> <span class='ocrx_word' id='word_1_70' title='bbox 1049 1285 1111 1356; x_wconf 89' lang='lat' dir='ltr'>illa</span> <span class='ocrx_word' id='word_1_71' title='bbox 1130 1310 1240 1379; x_wconf 87' lang='lat' dir='ltr'>quam</span> <span class='ocrx_word' id='word_1_72' title='bbox 1258 1296 1388 1357; x_wconf 87' lang='lat' dir='ltr'>vocant</span> <span class='ocrx_word' id='word_1_73' title='bbox 1405 1288 1552 1378; x_wconf 83' lang='lat' dir='ltr'>perfun-</span> 
     </span>
     <span class='ocr_line' id='line_1_12' title="bbox 495 1402 1550 1496; baseline -0.001 -20"><span class='ocrx_word' id='word_1_74' title='bbox 495 1404 604 1476; x_wconf 87' lang='lat' dir='ltr'>ditur.</span> <span class='ocrx_word' id='word_1_75' title='bbox 628 1448 630 1455; x_wconf 70' lang='lat'>,</span> <span class='ocrx_word' id='word_1_76' title='bbox 656 1404 785 1496; x_wconf 90' lang='lat' dir='ltr'>Neque</span> <span class='ocrx_word' id='word_1_77' title='bbox 809 1403 847 1474; x_wconf 92' lang='lat' dir='ltr'>id</span> <span class='ocrx_word' id='word_1_78' title='bbox 873 1402 1033 1493; x_wconf 88' lang='lat' dir='ltr'>profecto</span> <span class='ocrx_word' id='word_1_79' title='bbox 1057 1402 1207 1472; x_wconf 81' lang='lat' dir='ltr'>insaniae</span> <span class='ocrx_word' id='word_1_80' title='bbox 1227 1403 1284 1473; x_wconf 86' lang='lat' dir='ltr'>vel</span> <span class='ocrx_word' id='word_1_81' title='bbox 1304 1403 1550 1475; x_wconf 67' lang='lat' dir='ltr'>fudodssimae</span> 
     </span>
     <span class='ocr_line' id='line_1_13' title="bbox 495 1517 1552 1615; baseline 0.001 -25"><span class='ocrx_word' id='word_1_82' title='bbox 495 1518 758 1615; x_wconf 86' lang='lat' dir='ltr'>denegaverim,</span> <span class='ocrx_word' id='word_1_83' title='bbox 776 1517 872 1610; x_wconf 93' lang='lat' dir='ltr'>quod</span> <span class='ocrx_word' id='word_1_84' title='bbox 890 1526 1063 1589; x_wconf 85' lang='lat' dir='ltr'>terrorem</span> <span class='ocrx_word' id='word_1_85' title='bbox 1081 1518 1261 1613; x_wconf 84' lang='lat' dir='ltr'>adaugere</span> <span class='ocrx_word' id='word_1_86' title='bbox 1277 1518 1401 1611; x_wconf 88' lang='lat' dir='ltr'>possit,</span> <span class='ocrx_word' id='word_1_87' title='bbox 1413 1530 1453 1590; x_wconf 90' lang='lat' dir='ltr'>et</span> <span class='ocrx_word' id='word_1_88' title='bbox 1468 1522 1552 1591; x_wconf 85' lang='lat' dir='ltr'>sub-</span> 
     </span>
     <span class='ocr_line' id='line_1_14' title="bbox 495 1634 1550 1728; baseline 0.001 -22"><span class='ocrx_word' id='word_1_89' title='bbox 495 1635 597 1706; x_wconf 92' lang='lat' dir='ltr'>limes</span> <span class='ocrx_word' id='word_1_90' title='bbox 614 1634 806 1728; x_wconf 87' lang='lat' dir='ltr'>aliquando</span> <span class='ocrx_word' id='word_1_91' title='bbox 823 1644 1017 1727; x_wconf 89' lang='lat' dir='ltr'>conceptus</span> <span class='ocrx_word' id='word_1_92' title='bbox 1033 1634 1162 1727; x_wconf 88' lang='lat' dir='ltr'>pariat,</span> <span class='ocrx_word' id='word_1_93' title='bbox 1178 1635 1275 1727; x_wconf 89' lang='lat' dir='ltr'>poesi</span> <span class='ocrx_word' id='word_1_94' title='bbox 1292 1634 1371 1706; x_wconf 89' lang='lat' dir='ltr'>illos</span> <span class='ocrx_word' id='word_1_95' title='bbox 1388 1636 1550 1728; x_wconf 89' lang='lat' dir='ltr'>apprime</span> 
     </span>
     <span class='ocr_line' id='line_1_15' title="bbox 495 1750 1550 1844; baseline -0.001 -21"><span class='ocrx_word' id='word_1_96' title='bbox 495 1751 661 1833; x_wconf 89' lang='lat' dir='ltr'>idoneos;</span> <span class='ocrx_word' id='word_1_97' title='bbox 688 1774 776 1844; x_wconf 86' lang='lat' dir='ltr'>quos</span> <span class='ocrx_word' id='word_1_98' title='bbox 802 1760 924 1823; x_wconf 89' lang='lat' dir='ltr'>tamen</span> <span class='ocrx_word' id='word_1_99' title='bbox 950 1750 998 1821; x_wconf 88' lang='lat' dir='ltr'>ad</span> <span class='ocrx_word' id='word_1_100' title='bbox 1022 1751 1221 1843; x_wconf 82' lang='lat' dir='ltr'>phantasiae</span> <span class='ocrx_word' id='word_1_101' title='bbox 1247 1762 1386 1842; x_wconf 85' lang='lat' dir='ltr'>partem</span> <span class='ocrx_word' id='word_1_102' title='bbox 1417 1752 1550 1823; x_wconf 84' lang='lat' dir='ltr'>referre</span> 
     </span>
     <span class='ocr_line' id='line_1_16' title="bbox 497 1865 1550 1969; baseline -0.002 -29"><span class='ocrx_word' id='word_1_103' title='bbox 497 1868 608 1940; x_wconf 86' lang='lat' dir='ltr'>satius</span> <span class='ocrx_word' id='word_1_104' title='bbox 630 1878 685 1939; x_wconf 89' lang='lat' dir='ltr'>est</span> <span class='ocrx_word' id='word_1_105' title='bbox 702 1865 830 1950; x_wconf 88' lang='lat' dir='ltr'>visum,</span> <span class='ocrx_word' id='word_1_106' title='bbox 847 1888 956 1958; x_wconf 91' lang='lat' dir='ltr'>quam</span> <span class='ocrx_word' id='word_1_107' title='bbox 980 1875 1022 1936; x_wconf 88' lang='lat' dir='ltr'>ut</span> <span class='ocrx_word' id='word_1_108' title='bbox 1042 1865 1100 1936; x_wconf 91' lang='lat' dir='ltr'>hic</span> <span class='ocrx_word' id='word_1_109' title='bbox 1125 1865 1165 1936; x_wconf 92' lang='lat' dir='ltr'>in</span> <span class='ocrx_word' id='word_1_110' title='bbox 1189 1866 1385 1969; x_wconf 83' lang='lat' dir='ltr'>affectuum</span> <span class='ocrx_word' id='word_1_111' title='bbox 1410 1867 1550 1939; x_wconf 87' lang='lat' dir='ltr'>ratione</span> 
     </span>
     <span class='ocr_line' id='line_1_17' title="bbox 496 1982 1549 2063; baseline -0.003 -6"><span class='ocrx_word' id='word_1_112' title='bbox 496 1985 818 2059; x_wconf 86' lang='lat' dir='ltr'>tractandalocum</span> <span class='ocrx_word' id='word_1_113' title='bbox 834 1984 1002 2054; x_wconf 88' lang='lat' dir='ltr'>h&#39;abeant.</span> <span class='ocrx_word' id='word_1_114' title='bbox 1054 1982 1136 2063; x_wconf 85' lang='lat' dir='ltr'>Quo</span> <span class='ocrx_word' id='word_1_115' title='bbox 1152 1982 1263 2053; x_wconf 90' lang='lat' dir='ltr'>etiam</span> <span class='ocrx_word' id='word_1_116' title='bbox 1281 1982 1427 2053; x_wconf 88' lang='lat' dir='ltr'>consilio</span> <span class='ocrx_word' id='word_1_117' title='bbox 1450 1983 1549 2054; x_wconf 90' lang='lat' dir='ltr'>adhi-</span> 
     </span>
     <span class='ocr_line' id='line_1_18' title="bbox 496 2094 1548 2194; baseline -0.003 -21"><span class='ocrx_word' id='word_1_118' title='bbox 496 2094 1269 2194; x_wconf 70' lang='lat' dir='ltr'>berividenturillaEuripidisahonginob,</span> <span class='ocrx_word' id='word_1_119' title='bbox 1282 2099 1426 2192; x_wconf 90' lang='lat' dir='ltr'>quando</span> <span class='ocrx_word' id='word_1_120' title='bbox 1439 2099 1548 2171; x_wconf 86' lang='lat' dir='ltr'>alium</span> 
     </span>
     <span class='ocr_line' id='line_1_19' title="bbox 497 2212 1549 2313; baseline -0.003 -25"><span class='ocrx_word' id='word_1_121' title='bbox 497 2218 707 2310; x_wconf 88' lang='lat' dir='ltr'>pronuntiat</span> <span class='ocrx_word' id='word_1_122' title='bbox 724 2213 884 2313; x_wconf 73' lang='lat' dir='ltr'>poetica</span> <span class='ocrx_word' id='word_1_123' title='bbox 909 2214 1110 2308; x_wconf 83' lang='lat' dir='ltr'>phantasiae</span> <span class='ocrx_word' id='word_1_124' title='bbox 1132 2214 1254 2298; x_wconf 87' lang='lat' dir='ltr'>finem,</span> <span class='ocrx_word' id='word_1_125' title='bbox 1275 2237 1384 2307; x_wconf 88' lang='lat' dir='ltr'>quem</span> <span class='ocrx_word' id='word_1_126' title='bbox 1409 2212 1549 2303; x_wconf 65' lang='grc' dir='ltr'>ἔκπληξιν</span> 
     </span>
     <span class='ocr_line' id='line_1_20' title="bbox 497 2332 1548 2426; baseline -0.001 -20"><span class='ocrx_word' id='word_1_127' title='bbox 497 2356 574 2406; x_wconf 88' lang='lat' dir='ltr'>esse</span> <span class='ocrx_word' id='word_1_128' title='bbox 598 2332 736 2413; x_wconf 88' lang='lat' dir='ltr'>statuit,</span> <span class='ocrx_word' id='word_1_129' title='bbox 754 2332 863 2403; x_wconf 87' lang='lat' dir='ltr'>alium</span> <span class='ocrx_word' id='word_1_130' title='bbox 882 2355 958 2403; x_wconf 88' lang='lat' dir='ltr'>esse</span> <span class='ocrx_word' id='word_1_131' title='bbox 974 2334 1052 2426; x_wconf 88' lang='lat' dir='ltr'>ejus</span> <span class='ocrx_word' id='word_1_132' title='bbox 1068 2354 1141 2425; x_wconf 90' lang='lat' dir='ltr'>qua</span> <span class='ocrx_word' id='word_1_133' title='bbox 1156 2337 1325 2423; x_wconf 77' lang='lat' dir='ltr'>oratores</span> <span class='ocrx_word' id='word_1_134' title='bbox 1341 2332 1396 2403; x_wconf 89' lang='lat' dir='ltr'>uti</span> <span class='ocrx_word' id='word_1_135' title='bbox 1412 2334 1548 2413; x_wconf 81' lang='lat' dir='ltr'>solent3</span> 
     </span>
     <span class='ocr_line' id='line_1_21' title="bbox 497 2447 1446 2540; baseline 0 -21"><span class='ocrx_word' id='word_1_136' title='bbox 497 2449 737 2540; x_wconf 88' lang='lat' dir='ltr'>continuoque</span> <span class='ocrx_word' id='word_1_137' title='bbox 755 2449 819 2519; x_wconf 83' lang='lat' dir='ltr'>bas</span> <span class='ocrx_word' id='word_1_138' title='bbox 836 2447 975 2519; x_wconf 89' lang='lat' dir='ltr'>Orestis</span> <span class='ocrx_word' id='word_1_139' title='bbox 991 2447 1174 2520; x_wconf 88' lang='lat' dir='ltr'>furibundi</span> <span class='ocrx_word' id='word_1_140' title='bbox 1193 2472 1297 2520; x_wconf 84' lang='lat' dir='ltr'>voces</span> <span class='ocrx_word' id='word_1_141' title='bbox 1313 2448 1446 2519; x_wconf 87' lang='lat' dir='ltr'>adfert.</span> 
     </span>
    </p>
   </div>
   <div class='ocr_carea' id='block_1_3' title="bbox 578 2642 1548 2938">
    <p class='ocr_par' dir='ltr' id='par_1_3' title="bbox 578 2642 1548 2938">
     <span class='ocr_line' id='line_1_22' title="bbox 578 2642 1148 2728; baseline 0 -19"><span class='ocrx_word' id='word_1_142' title='bbox 578 2642 623 2709; x_wconf 84' lang='grc' dir='ltr'>Ὦ</span> <span class='ocrx_word' id='word_1_143' title='bbox 637 2650 734 2728; x_wconf 70' lang='grc' dir='ltr'><em>μῆτερ,</em></span> <span class='ocrx_word' id='word_1_144' title='bbox 753 2644 863 2707; x_wconf 76' lang='grc' dir='ltr'>ἱκετεύω</span> <span class='ocrx_word' id='word_1_145' title='bbox 878 2670 923 2722; x_wconf 78' lang='grc' dir='ltr'>σε,</span> <span class='ocrx_word' id='word_1_146' title='bbox 934 2648 973 2726; x_wconf 76' lang='grc' dir='ltr'>μὴ</span> <span class='ocrx_word' id='word_1_147' title='bbox 987 2643 1086 2709; x_wconf 70' lang='grc' dir='ltr'>’πίσειέ</span> <span class='ocrx_word' id='word_1_148' title='bbox 1100 2671 1148 2727; x_wconf 77' lang='grc' dir='ltr'>μοι</span> 
     </span>
     <span class='ocr_line' id='line_1_23' title="bbox 582 2747 1215 2835; baseline -0.003 -23"><span class='ocrx_word' id='word_1_149' title='bbox 582 2752 642 2822; x_wconf 66' lang='lat' dir='ltr'>Ta,</span> <span class='ocrx_word' id='word_1_150' title='bbox 659 2747 837 2828; x_wconf 73' lang='grc' dir='ltr'>αἱματωποὺς</span> <span class='ocrx_word' id='word_1_151' title='bbox 852 2748 902 2810; x_wconf 79' lang='grc' dir='ltr'>καὶ</span> <span class='ocrx_word' id='word_1_152' title='bbox 916 2747 1107 2833; x_wconf 76' lang='grc' dir='ltr'>δρακοντώδεις</span> <span class='ocrx_word' id='word_1_153' title='bbox 1121 2748 1215 2835; x_wconf 74' lang='grc' dir='ltr'><strong><em>κόρας.</em></strong></span> 
     </span>
     <span class='ocr_line' id='line_1_24' title="bbox 586 2849 1548 2938; baseline -0.002 -21"><span class='ocrx_word' id='word_1_154' title='bbox 586 2851 675 2917; x_wconf 80' lang='lat' dir='ltr'>Adrou</span> <span class='ocrx_word' id='word_1_155' title='bbox 687 2855 757 2937; x_wconf 73' lang='grc' dir='ltr'>γὰρ,</span> <span class='ocrx_word' id='word_1_156' title='bbox 769 2849 852 2914; x_wconf 78' lang='grc' dir='ltr'><strong><em>αὗται</em></strong></span> <span class='ocrx_word' id='word_1_157' title='bbox 862 2851 978 2927; x_wconf 67' lang='grc' dir='ltr'>πλησίον</span> <span class='ocrx_word' id='word_1_158' title='bbox 988 2851 1144 2938; x_wconf 76' lang='grc' dir='ltr'>θρώσκουσί</span> <span class='ocrx_word' id='word_1_159' title='bbox 1153 2877 1218 2934; x_wconf 83' lang='grc' dir='ltr'><strong>μου.</strong></span> <span class='ocrx_word' id='word_1_160' title='bbox 1234 2853 1322 2916; x_wconf 73' lang='lat' dir='ltr'>Eun.</span> <span class='ocrx_word' id='word_1_161' title='bbox 1335 2853 1465 2916; x_wconf 71' lang='lat' dir='ltr'>Onasr.</span> <span class='ocrx_word' id='word_1_162' title='bbox 1476 2857 1548 2918; x_wconf 72' lang='lat'>255.</span> 
     </span>
    </p>
   </div>
   <div class='ocr_carea' id='block_1_4' title="bbox 493 3027 1550 3582">
    <p class='ocr_par' dir='ltr' id='par_1_4' title="bbox 493 3027 1550 3582">
     <span class='ocr_line' id='line_1_25' title="bbox 549 3027 1550 3121; baseline 0 -21"><span class='ocrx_word' id='word_1_163' title='bbox 549 3029 641 3100; x_wconf 89' lang='lat' dir='ltr'>Haec</span> <span class='ocrx_word' id='word_1_164' title='bbox 667 3027 792 3121; x_wconf 86' lang='lat' dir='ltr'>utique</span> <span class='ocrx_word' id='word_1_165' title='bbox 817 3027 899 3099; x_wconf 90' lang='lat' dir='ltr'>ideo</span> <span class='ocrx_word' id='word_1_166' title='bbox 920 3027 1144 3100; x_wconf 90' lang='lat' dir='ltr'>admirabilia</span> <span class='ocrx_word' id='word_1_167' title='bbox 1166 3053 1242 3101; x_wconf 90' lang='lat' dir='ltr'>esse</span> <span class='ocrx_word' id='word_1_168' title='bbox 1264 3028 1427 3101; x_wconf 90' lang='lat' dir='ltr'>decernit</span> <span class='ocrx_word' id='word_1_169' title='bbox 1443 3029 1550 3100; x_wconf 83' lang='lat' dir='ltr'>Criti-</span> 
     </span>
     <span class='ocr_line' id='line_1_26' title="bbox 493 3145 1548 3240; baseline 0 -23"><span class='ocrx_word' id='word_1_170' title='bbox 493 3170 574 3229; x_wconf 87' lang='lat' dir='ltr'>cus,</span> <span class='ocrx_word' id='word_1_171' title='bbox 599 3146 683 3239; x_wconf 90' lang='lat' dir='ltr'>quia</span> <span class='ocrx_word' id='word_1_172' title='bbox 709 3145 783 3216; x_wconf 92' lang='lat' dir='ltr'>vim</span> <span class='ocrx_word' id='word_1_173' title='bbox 818 3153 957 3216; x_wconf 87' lang='lat' dir='ltr'>tautam</span> <span class='ocrx_word' id='word_1_174' title='bbox 991 3145 1126 3216; x_wconf 89' lang='lat' dir='ltr'>habent</span> <span class='ocrx_word' id='word_1_175' title='bbox 1154 3147 1366 3238; x_wconf 75' lang='lat' dir='ltr'>phantasia,</span> <span class='ocrx_word' id='word_1_176' title='bbox 1396 3157 1439 3217; x_wconf 92' lang='lat' dir='ltr'>ut</span> <span class='ocrx_word' id='word_1_177' title='bbox 1468 3169 1548 3240; x_wconf 80' lang='lat' dir='ltr'>qnae</span> 
     </span>
     <span class='ocr_line' id='line_1_27' title="bbox 493 3258 1550 3343; baseline 0.001 -13"><span class='ocrx_word' id='word_1_178' title='bbox 493 3283 597 3331; x_wconf 86' lang='lat' dir='ltr'>mera</span> <span class='ocrx_word' id='word_1_179' title='bbox 613 3270 697 3331; x_wconf 90' lang='lat' dir='ltr'>sunt</span> <span class='ocrx_word' id='word_1_180' title='bbox 714 3259 901 3331; x_wconf 84' lang='lat' dir='ltr'>delirantis</span> <span class='ocrx_word' id='word_1_181' title='bbox 918 3258 986 3330; x_wconf 89' lang='lat' dir='ltr'>viri</span> <span class='ocrx_word' id='word_1_182' title='bbox 1003 3259 1153 3343; x_wconf 88' lang='lat' dir='ltr'>somnia,</span> <span class='ocrx_word' id='word_1_183' title='bbox 1170 3283 1213 3331; x_wconf 87' lang='lat' dir='ltr'>ea</span> <span class='ocrx_word' id='word_1_184' title='bbox 1229 3261 1343 3333; x_wconf 81' lang='lat' dir='ltr'>ferme</span> <span class='ocrx_word' id='word_1_185' title='bbox 1358 3263 1472 3333; x_wconf 90' lang='lat' dir='ltr'>oculis</span> <span class='ocrx_word' id='word_1_186' title='bbox 1489 3285 1550 3332; x_wconf 91' lang='lat' dir='ltr'>au·</span> 
     </span>
     <span class='ocr_line' id='line_1_28' title="bbox 498 3373 1550 3470; baseline 0.002 -26"><span class='ocrx_word' id='word_1_187' title='bbox 498 3373 673 3445; x_wconf 75' lang='lat' dir='ltr'>clientium</span> <span class='ocrx_word' id='word_1_188' title='bbox 700 3374 867 3447; x_wconf 88' lang='lat' dir='ltr'>obvenire</span> <span class='ocrx_word' id='word_1_189' title='bbox 892 3375 1040 3446; x_wconf 84' lang='lat' dir='ltr'>faciant.</span> <span class='ocrx_word' id='word_1_190' title='bbox 1091 3375 1138 3446; x_wconf 94' lang='lat' dir='ltr'>Id</span> <span class='ocrx_word' id='word_1_191' title='bbox 1160 3377 1257 3470; x_wconf 92' lang='lat' dir='ltr'>quod</span> <span class='ocrx_word' id='word_1_192' title='bbox 1271 3377 1464 3450; x_wconf 89' lang='lat' dir='ltr'>illustriore</span> <span class='ocrx_word' id='word_1_193' title='bbox 1479 3377 1550 3448; x_wconf 84' lang='lat' dir='ltr'>for·</span> 
     </span>
     <span class='ocr_line' id='line_1_29' title="bbox 497 3488 1186 3582; baseline 0.001 -21"><span class='ocrx_word' id='word_1_194' title='bbox 497 3512 563 3561; x_wconf 90' lang='lat' dir='ltr'>san</span> <span class='ocrx_word' id='word_1_195' title='bbox 580 3491 656 3561; x_wconf 90' lang='lat' dir='ltr'>loco</span> <span class='ocrx_word' id='word_1_196' title='bbox 672 3488 710 3558; x_wconf 90' lang='lat' dir='ltr'>iu</span> <span class='ocrx_word' id='word_1_197' title='bbox 729 3489 948 3582; x_wconf 86' lang='lat' dir='ltr'>Choephoris</span> <span class='ocrx_word' id='word_1_198' title='bbox 964 3501 1020 3562; x_wconf 74' lang='lat' dir='ltr'>ast</span> <span class='ocrx_word' id='word_1_199' title='bbox 1035 3491 1186 3562; x_wconf 85' lang='lat' dir='ltr'>factum.</span> 
     </span>
    </p>
   </div>
   <div class='ocr_carea' id='block_1_5' title="bbox 584 3647 1177 3840">
    <p class='ocr_par' dir='ltr' id='par_1_5' title="bbox 584 3647 1177 3840">
     <span class='ocr_line' id='line_1_30' title="bbox 584 3647 1139 3734; baseline 0.007 -22"><span class='ocrx_word' id='word_1_200' title='bbox 584 3653 649 3713; x_wconf 81' lang='grc' dir='ltr'>Οὐκ</span> <span class='ocrx_word' id='word_1_201' title='bbox 663 3651 715 3713; x_wconf 78' lang='lat' dir='ltr'>airl</span> <span class='ocrx_word' id='word_1_202' title='bbox 730 3647 806 3728; x_wconf 76' lang='grc' dir='ltr'>δόξαι</span> <span class='ocrx_word' id='word_1_203' title='bbox 820 3653 901 3714; x_wconf 73' lang='grc' dir='ltr'><strong><em>τῶνδε</em></strong></span> <span class='ocrx_word' id='word_1_204' title='bbox 916 3651 1052 3733; x_wconf 72' lang='grc' dir='ltr'><strong><em>πημάτων</em></strong></span> <span class='ocrx_word' id='word_1_205' title='bbox 1066 3650 1139 3734; x_wconf 67' lang='grc' dir='ltr'><strong>ἐμοί.</strong></span> 
     </span>
     <span class='ocr_line' id='line_1_31' title="bbox 584 3753 1177 3840; baseline -0.007 -20"><span class='ocrx_word' id='word_1_206' title='bbox 584 3753 693 3831; x_wconf 74' lang='grc' dir='ltr'><strong>Σαφῶς</strong></span> <span class='ocrx_word' id='word_1_207' title='bbox 705 3759 765 3840; x_wconf 78' lang='grc' dir='ltr'>γὰρ</span> <span class='ocrx_word' id='word_1_208' title='bbox 777 3753 836 3818; x_wconf 76' lang='lat' dir='ltr'>alde</span> <span class='ocrx_word' id='word_1_209' title='bbox 848 3755 951 3838; x_wconf 75' lang='grc' dir='ltr'><strong><em>μητρὸς</em></strong></span> <span class='ocrx_word' id='word_1_210' title='bbox 967 3755 1077 3840; x_wconf 68' lang='grc' dir='ltr'>ἔγκοτοι</span> <span class='ocrx_word' id='word_1_211' title='bbox 1093 3754 1177 3829; x_wconf 72' lang='grc' dir='ltr'><strong><em>κύνες.</em></strong></span> 
     </span>
    </p>
   </div>
   <div class='ocr_carea' id='block_1_6' title="bbox 886 3972 1102 4056">
    <p class='ocr_par' dir='ltr' id='par_1_6' title="bbox 886 3972 1102 4056">
     <span class='ocr_line' id='line_1_32' title="bbox 886 3972 1102 4056; baseline -0.005 -25"><span class='ocrx_word' id='word_1_212' title='bbox 886 4051 889 4056; x_wconf 28' lang='lat'><strong>⁴</strong></span> <span class='ocrx_word' id='word_1_213' title='bbox 937 3972 1102 4050; x_wconf 62' lang='lat' dir='ltr'>⁸²Sect.15.</span> 
     </span>
    </p>
   </div>
   <div class='ocr_carea' id='block_1_7' title="bbox 0 0 1784 5575">
    <p class='ocr_par' dir='ltr' id='par_1_7' title="bbox 0 0 1784 5575">
     <span class='ocr_line' id='line_1_33' title="bbox 0 0 1784 5575; baseline 0 0"><span class='ocrx_word' id='word_1_214' title='bbox 0 0 1784 5575; x_wconf 95' lang='lat' dir='ltr'> </span> 
     </span>
    </p>
   </div>
  </div>
 </body>
</html>
