3559 5575
1001 117 1133 179 380
1733 110 1977 175 PARS
2019 106 2383 173 TERT1A
2562 78 2824 173 Ρκέι..
2872 107 3179 172 xxix.

1002 288 1064 360 si
1113 296 1353 360 careat
1401 285 1772 380 Allegoria
1820 283 2078 377 ecquid
2133 283 2424 353 tandem
2481 281 2878 377 frigidum
2948 284 3179 379 magis

1000 415 1129 476 aut
1180 402 1465 474 inanius
1523 399 1826 495 cogitari
1884 408 2120 493 potest
2143 399 2178 469 Ρ
2242 398 2436 468 Nam
2498 399 2582 482 si,
2641 400 2885 494 quod
2957 400 3180 470 inter-

1001 523 1176 592 dum
1228 543 1362 590 usu
1417 517 1641 602 venit,
1695 527 1824 587 aut
1878 515 2173 611 cognitu
2228 514 2508 586 facilior
2561 528 2688 587 aut
2766 516 3051 611 magis
3111 515 3178 586 in

1001 646 1337 730 promptu
1374 656 1527 703 esse
1562 632 1894 702 videatur
1925 655 2062 713 res,
2097 654 2263 723 quae
2300 630 2622 722 pluribus
2656 632 2917 701 aliter
2956 653 3181 721 expe-

1002 751 1143 822 diri
1174 751 1491 831 deberet,
1525 748 1988 819 excusatione
2022 748 2234 846 plane
2268 769 2411 816 non
2447 756 2634 841 eget.
2720 747 3039 830 Qualis
3075 758 3180 816 est

1003 868 1324 961 ejusdem
1379 876 1612 957 poetae
1666 865 1902 935 Roma
1948 863 2071 933 illa
2120 863 2380 933 Jovem
2434 864 2771 955 precibus
2840 874 2939 934 et
2996 862 3176 932 fletu

1006 983 1331 1066 adorans»,
1397 992 1687 1075 propter
1751 979 2239 1051 intermissum
2307 1003 2403 1050 ex
2470 980 2726 1051 Africa
2832 1003 3177 1050 annonae

1005 1108 1508 1172 commeatum.

1180 1228 1383 1293 Exitii
1401 1229 1537 1315 jam
1566 1229 1773 1291 Roma
1800 1226 2050 1305 timenS,
2082 1240 2149 1291 et
2174 1227 2338 1291 fessa
2367 1226 2611 1313 negatis

1180 1330 1528 1418 Frugibus,
1557 1328 1640 1394 ad
1668 1328 1873 1416 rapidi
1903 1328 2093 1393 limen
2125 1327 2425 1392 tendebat
2453 1328 2751 1416 Olympi;

1181 1436 1329 1498 Non
1360 1432 1543 1497 solito
1565 1432 1725 1509 visu,
1758 1455 1872 1496 nec
1901 1431 2107 1519 qualis
2125 1433 2277 1519 jura
2306 1432 2624 1498 Britannis

1178 1535 1447 1615 Dividit,
1479 1549 1591 1599 aut
1620 1535 1902 1623 trepidos
1932 1534 2245 1601 submittit
2274 1535 2548 1600 fascibus
2580 1537 2805 1601 Indos.

1177 1640 1320 1702 Vox
1349 1636 1575 1715 tenuiS,
1606 1636 1900 1724 tardique
1929 1638 2188 1725 gradus»,
2218 1637 2512 1725 oculique
2531 1639 2818 1726 jacentes

1180 1740 1499 1805 Interius=
1545 1739 1766 1826 fugere
1796 1762 1999 1826 genae,
2023 1740 2247 1827 jejuna
2272 1739 2536 1804 lacertos

1179 1843 1420 1909 Exedit
1448 1841 1708 1906 macies:
1756 1844 2041 1908 humeri-5
2073 1845 2187 1906 via:
2213 1845 2485 1907 sustinet
2517 1846 2717 1932 (egris

1180 1948 1587 2035 Squalentem
1616 1946 1901 2033 clypeum
1921 1969 1948 2021 ;
1994 1947 2220 2009 laoeata
2248 1947 2492 2010 casside
2506 1947 2730 2034 prodit

1184 2051 1528 2128 Canitiem,
1548 2049 1926 2136 plenamque
1955 2048 2157 2112 trahit
2184 2049 2514 2135 rubiginis
2540 2050 2813 2114 hastam.

1182 2151 1424 2240 Attigit
1454 2165 1528 2214 ut
1554 2150 1806 2214 tandem
1837 2149 2088 2228 coelum,
2119 2150 2516 2238 genibusque
2547 2153 2868 2218 Tonantis

1181 2254 1555 2332 Procubuit,
1583 2252 1737 2317 tales
1763 2252 2012 2317 orditur
2040 2268 2259 2317 maesta
2284 2253 2588 2340 querelas.

1817 2357 2084 2421 eumn.
2116 2357 2228 2420 DE
2260 2358 2482 2420 Bam?
2502 2358 2711 2422 Gna).
2742 2358 2899 2423 XV.
2933 2360 3043 2425 17.

1007 2480 1295 2551 Diserte
1353 2477 1546 2550 enim
1609 2481 1764 2550 haec
1823 2478 2184 2549 insolitam
2244 2479 2662 2571 exprimunt
2717 2505 2815 2552 ex
2864 2479 3123 2552 Africa

1009 2598 1194 2667 male
1261 2594 1759 2666 administrata
1827 2595 2142 2687 inopiam
2203 2596 2397 2666 urbis
2452 2606 2671 2689 atque
2730 2598 3122 2676 miseriam,

1010 2713 1224 2786 sicuti
1255 2712 1401 2797 illa,
1435 2736 1601 2807 quae
1635 2713 1684 2781 J
1687 2710 1840 2782 ovis
1873 2734 2290 2806 responsum
2327 2723 2749 2807 sequuntur,
2781 2716 3006 2785 robur
3039 2734 3118 2781 ac

1009 2855 1206 2925 spem
1234 2830 1512 2903 civitati
1536 2828 1892 2901 redditam
1921 2828 2350 2924 significant,
2378 2830 2702 2901 simulac
2737 2827 3121 2903 stilichoni

1009 2948 1384 3021 commissa
1416 2956 1601 3018 esset
1635 2943 1799 3016 belli
1835 2944 2165 3015 Africani
2197 2969 2390 3015 cura.

1182 3100 1389 3180 Dixit,
1420 3114 1485 3165 et
1512 3098 1746 3163 afflavit
1775 3100 2048 3162 Romam
2079 3097 2332 3163 meliore
2351 3099 2654 3185 juventa:

1183 3203 1504 3269 Continuo
1527 3201 1692 3266 redit
1719 3199 1824 3264 ille
1855 3200 2056 3286 vigor,
2088 3200 2367 3288 seniique
2392 3201 2660 3267 colorem

1182 3308 1525 3369 Mutavere
1552 3328 1782 3369 comae:
1833 3302 2157 3367 solidatam
2188 3304 2377 3369 crista
2404 3327 2737 3393 resurgens

1165 3406 1406 3470 Erexit
1431 3405 1698 3491 galeam,
1728 3404 2061 3492 clypeique
2088 3406 2418 3471 recanduit
2445 3407 2635 3486 orbis,

1179 3509 1271 3571 Et
1300 3506 1453 3570 levis
1482 3529 1745 3572 excussa.
1776 3508 1992 3572 micuit
2022 3507 2314 3596 rubigine
2341 3532 2591 3575 cornus.

1764 3612 2025 3675 eumn.
2059 3611 2174 3675 Da
2208 3613 2421 3676 Bnm„
2455 3613 2664 3677 Gna).
2695 3613 2843 3678 XV.
2873 3616 3029 3678 ωδ.

1107 3760 1347 3842 Quare
1378 3758 1497 3832 hic
1528 3782 1673 3830 non
1720 3761 1936 3832 modo
1981 3759 2263 3854 capitur
2306 3761 2704 3853 phantasia,
2737 3762 2887 3846 sed,
2921 3756 3112 3856 quod

1006 3876 1417 3951 Aristotelis
1451 3876 1740 3971 quidem
1783 3876 2062 3971 judicio
2098 3877 2500 3949 uberrimus
2533 3879 2923 3969 voluptatis
2955 3880 3108 3950 fons

1006 4004 1116 4067 est
1141 3996 1531 4079 habenduS,
1558 3989 1913 4065 didicisse
1946 3994 2217 4088 aliquid
2242 3993 2531 4067 videtur
2557 4017 2780 4079 menS,
2806 4006 2882 4067 et
2906 3991 3108 4090 quasi
