3559 5575
366 135 639 209 ¹Pirum..
672 135 772 198 X.
1048 133 1183 200 DE
1232 134 1864 199 IMITATIONE.
2394 137 2523 201 187

377 306 640 399 figura
672 316 748 377 et
781 308 1021 377 vultus
1055 307 1339 398 orisque
1374 307 1608 398 specie
1640 307 2041 389 instructae,
2074 328 2208 398 pro
2243 305 2525 376 diverso

379 420 799 492 affectuum
843 444 1128 515 genere,
1170 445 1348 514 quos
1393 421 1814 492 tractaverit
1846 430 2082 513 poeta.
2185 421 2274 490 In
2330 430 2527 492 utra-

385 556 552 627 que
575 534 800 628 igitur
820 539 1189 630 jucundus
1214 536 1507 631 quidam
1537 546 1646 607 est
1671 536 1897 606 animi
1922 546 2163 608 motus
2197 536 2288 606 ab
2322 558 2527 627 aper-

390 651 504 720 tis
572 660 647 721 et
706 652 1177 744 praesentibus
1236 653 1332 722 ad
1382 652 1719 723 ulteriora
1779 662 1857 721 et
1915 652 2153 721 minus
2212 651 2521 745 cognita.

393 765 661 837 Poetae
719 777 915 836 certe
965 768 1179 838 latior
1238 777 1439 858 patet
1498 776 1573 837 et
1624 767 1915 836 liberior
1964 788 2297 857 campus;
2357 788 2523 835 cum

397 879 593 950 nihil
659 902 981 972 unquam
1047 879 1144 949 sit
1203 881 1396 971 quod
1454 881 1531 949 in
1590 881 1964 950 hominum
2024 881 2349 950 fortunas
2414 879 2526 950 in-

402 995 652 1065 cidere
710 1002 974 1085 potest,
1031 995 1230 1063 nullo
1291 1018 1605 1085 unquam
1668 997 1931 1065 affectu
1993 1018 2195 1065 mens
2253 995 2529 1086 impelli

408 1119 676 1200 potest,
724 1108 939 1177 nullis
990 1107 1542 1202 cogitationibus
1592 1109 1846 1191 teneri,
1893 1109 2065 1201 quin
2113 1109 2175 1178 is
2221 1109 2357 1179 hoc
2406 1132 2531 1201 ge-

412 1247 582 1295 nere
652 1222 1082 1294 imitationis
1148 1223 1391 1295 omnia
1459 1223 1729 1315 pariter
1786 1222 2145 1318 attingere
2206 1233 2283 1295 et
2339 1246 2532 1294 com·

411 1339 631 1431 plecti
676 1349 919 1433 queat.
1672 1396 1689 1407 .

513 1455 810 1525 Interea
834 1452 1153 1525 Picturae
1188 1477 1453 1549 magna
1482 1455 1678 1525 haud
1704 1455 1924 1525 dubie
1948 1464 2059 1525 est
2085 1454 2215 1540 vis,
2241 1454 2531 1548 quando

416 1568 716 1640 affectus
751 1569 1139 1661 exponitur
1171 1571 1554 1640 vehemens
1589 1581 1663 1641 et
1697 1570 2026 1662 simplex,
2060 1569 2245 1640 nihil
2277 1569 2531 1661 exqui-

417 1683 559 1767 siti,
619 1684 806 1755 nihil
870 1684 1071 1754 dubii
1131 1684 1486 1778 mixtique
1544 1685 1827 1780 generis
1883 1685 1958 1755 in
2020 1709 2096 1756 se
2154 1683 2529 1776 recipiens.

419 1797 679 1891 Neque
725 1799 918 1870 enim
964 1800 1282 1870 dolorem
1327 1823 1630 1883 merum,
1664 1810 1795 1872 aut
1826 1811 2127 1882 metum,
2162 1810 2291 1869 aut
2322 1798 2530 1881 iram,

423 1925 551 1983 aut
609 1914 1002 2006 quidquam
1069 1916 1481 2010 hujusmodi
1539 1917 1630 1985 ab
1687 1915 2009 1985 Homero
2066 1915 2220 2005 ipso
2277 1913 2535 1984 melius

426 2027 868 2117 descriptum
917 2038 1118 2119 puto,
1169 2051 1384 2120 quam
1433 2029 1512 2097 in
1564 2028 1810 2099 multis
1862 2028 2218 2119 pictorum
2271 2027 2535 2098 tabulis

414 2143 576 2235 jam
629 2141 848 2233 vulgo
904 2163 1322 2231 expressum
1380 2141 1732 2211 videmus.
1834 2140 2046 2222 Quod
2101 2141 2161 2210 si
2217 2141 2538 2233 proprios

425 2257 606 2327 fines
657 2255 1051 2349 dedignata
1099 2255 1355 2325 altiora
1400 2265 1619 2348 atque
1659 2255 1895 2326 aliena
1933 2265 2249 2346 appetat,
2281 2255 2341 2325 si
2375 2279 2535 2327 eam

425 2370 564 2441 sibi
621 2370 909 2440 laudem
969 2370 1265 2455 tribuat,
1310 2379 1394 2439 ut
1439 2369 1669 2440 varios
1713 2379 1790 2441 et
1839 2368 2268 2461 multiplices
2326 2371 2544 2442 affec·

425 2493 638 2554 tuum
674 2494 892 2555 aestus
931 2483 1334 2576 exprimere
1380 2483 1623 2575 possit,
1658 2494 1977 2555 mentem
2021 2482 2095 2552 in
2143 2484 2537 2556 contrarias

427 2610 668 2692 partes
718 2599 1176 2692 rapientium,
1209 2610 1368 2670 tum
1406 2621 1575 2670 vero
1626 2609 1943 2693 nugatur
1994 2599 2226 2691 plane,
2260 2609 2337 2670 et
2369 2623 2535 2692 quae

428 2718 521 2788 ab
554 2716 727 2786 artis
759 2715 1046 2811 ingenio
1071 2714 1357 2808 penitus
1384 2716 1767 2791 abhorrent
1789 2715 1924 2785 sibi
1950 2715 2169 2785 stulte
2191 2713 2537 2786 vindicat.

432 2834 640 2903 Mera
665 2844 834 2902 sunt
857 2832 1127 2902 etenim
1151 2831 1429 2901 somnia
1454 2833 1568 2901 vel
1600 2832 1839 2921 potius
1875 2828 2348 2900 deliramenta
2372 2854 2539 2923 quae

433 2947 525 3018 de
575 2948 712 3017 hac
761 2943 1124 3015 Parrhasii
1173 2945 1518 3014 facultate
1567 2943 1810 3014 effutit
1844 2941 2162 3013 Plinius:
2214 2953 2259 2983 ‘⁶
2287 2944 2543 3016 Pinxit

437 3072 480 3103 ‘⁶
518 3062 833 3155 utique,”
868 3067 952 3129 ut
985 3057 1208 3149 ipsius
1249 3057 1483 3127 verbis
1532 3067 1722 3141 utar,
1755 3064 1800 3097 ‘⁴
1823 3056 2106 3125 Demon
2142 3056 2547 3128 Athenien-

437 3188 481 3219 “
517 3176 728 3258 sium,
782 3182 1209 3269 argumento
1262 3170 1676 3265 ingenioso:
1735 3169 2021 3241 volebat
2073 3192 2384 3263 namque
2424 3196 2549 3243 va-

437 3302 481 3333 “
516 3291 726 3376 rium,
756 3290 1208 3371 iracundum,
1232 3287 1608 3382 injustum,
1635 3286 2157 3358 inconstantem
2183 3311 2200 3369 ;
2235 3289 2541 3361 eundem

439 3418 483 3449 ‘⁸
519 3405 975 3487 exorabilem,
1036 3405 1487 3490 clementem,
1547 3401 2097 3485 misericordem,
2157 3406 2540 3494 excelsum,

441 3533 484 3564 ‘⁴
518 3521 925 3616 gloriosum,
951 3519 1319 3601 humilem,
1340 3518 1672 3604 ferocem,
1691 3518 2184 3612 fugacemque,
2205 3528 2280 3589 et
2300 3522 2541 3593 omnia

441 3648 486 3679 ‘⁶
519 3636 787 3729 pariter
817 3636 1253 3707 ostendere.’'
1301 3629 1507 3703 Ptin.
1543 3631 1743 3705 Nat.
1777 3630 1891 3703 H
1884 3631 2005 3704 ist.
2036 3633 2362 3707 XXXV.
2397 3642 2469 3705 5.

542 3751 737 3833 Quin
787 3760 1072 3820 tantum
1119 3750 1321 3819 abest
1371 3759 1455 3817 ut
1505 3750 1662 3819 haec
1713 3758 2047 3840 portenta
2098 3773 2334 3820 rerum
2389 3759 2540 3819 tam

439 3866 722 3937 diversa
756 3875 971 3957 atque
1005 3865 1196 3937 inter
1230 3887 1303 3934 se
1337 3863 1735 3958 pugnantia
1770 3887 1914 3934 uno
1948 3888 2069 3935 ore
2102 3865 2353 3935 referri
2385 3886 2544 3954 pos-

441 3982 611 4063 sint,
646 3991 730 4051 ut
768 4004 856 4051 ne
892 3980 1150 4051 fluctus
1185 3978 1473 4072 quidem
1506 3980 1664 4052 illos
1705 3980 2095 4052 mediocres
2130 3983 2542 4059 affectuum,
