3559 5575
269 560 383 625 Pasa.
399 560 459 624 1v.
591 559 655 624 DE
680 558 998 625 IMITATIONE.
1281 559 1325 624 55

265 731 544 830 propugnaculis
560 745 741 806 certamen
760 735 828 806 hac
846 756 968 806 rerum
980 732 1208 805 enarratione
1219 755 1325 805 cona-

266 859 327 920 tur
343 851 481 922 efficere
498 851 725 944 perspicuum
745 851 860 947 magis
877 861 915 922 et
931 848 1137 923 terribilius.

397 1015 495 1078 Nunc
509 1013 599 1094 sude,
614 1037 699 1078 nunc
713 1013 795 1078 duro
809 1013 965 1078 contraria
980 1024 1108 1102 pectora
1121 1026 1215 1077 conto

354 1115 508 1180 Detrudit
522 1115 632 1196 muris,
648 1129 681 1180 et
695 1114 768 1180 valli
783 1137 907 1180 summa
921 1130 1063 1180 tenentes

354 1220 516 1306 Amputat
530 1242 603 1284 ense
617 1242 746 1284 manus:
771 1234 868 1308 caput
883 1218 999 1284 obterit
1014 1241 1148 1306 ossaque
1161 1241 1248 1299 saxo,

356 1321 408 1384 Ac
420 1319 503 1384 male
518 1320 684 1385 defensum
697 1320 802 1408 fragili
816 1341 969 1408 compage
982 1316 1147 1386 cerebrum

356 1420 516 1508 Dissipat:
541 1421 671 1487 alterins
684 1421 811 1487 flaruma
825 1421 990 1510 crinesque
1003 1445 1165 1510 genuaque

359 1523 544 1590 Succendit:
566 1523 700 1590 strident
714 1524 813 1590 oculis
826 1524 1010 1590 ardentibus
1023 1524 1122 1612 ignes.

885 1628 970 1692 Luc.
986 1629 1119 1692 Pasas.
1135 1628 1194 1692 Vl.
1207 1629 1283 1695 174.

269 1782 387 1876 Prope
430 1782 478 1854 ad
510 1784 591 1855 haec
625 1781 764 1854 accedit
797 1781 906 1854 Statii
939 1783 1160 1856 densissimae
1193 1806 1327 1880 pugnae

269 1895 399 1993 imago.

358 2057 530 2125 Exclusere
545 2058 629 2123 diem
645 2057 725 2137 telis,
743 2070 827 2122 stam
841 2056 943 2121 ferrea
955 2057 1036 2122 coelo

358 2160 488 2240 Nubila,
504 2185 562 2226 nec
572 2160 685 2250 jaculis
700 2173 839 2225 arctatus
853 2159 968 2224 sufficit
981 2169 1043 2225 aer.

359 2261 407 2326 Hi
421 2277 556 2350 pereunt
570 2263 682 2344 missis,
695 2261 741 2326 illi
754 2260 962 2326 redeuntibus
975 2261 1089 2327 hastis:

360 2365 565 2429 Concurrunt
578 2387 636 2451 per
649 2364 741 2428 inane
757 2363 862 2440 sudes,
878 2377 911 2428 et
923 2376 1037 2427 mutua
1050 2363 1191 2451 perdunt

359 2464 512 2542 Vulnera,
528 2479 720 2530 concurrunt
732 2465 847 2554 bastae,v
860 2463 1024 2528 stridentia
1035 2464 1146 2529 fundoe

362 2569 447 2630 Saxa
459 2551 595 2654 pluunt:
618 2565 762 2630 volucres
775 2565 940 2629 imitantur
955 2565 1085 2652 fulgura
1099 2566 1231 2654 glandes

363 2669 409 2733 Et
423 2667 633 2734 formidandae
647 2691 711 2733 non
726 2690 791 2732 una
804 2681 906 2732 morte
920 2667 1052 2756 sagitta.

845 2773 950 2838 Srar.
962 2773 1077 2837 Trana.
1096 2772 1197 2839 VIII.
1213 2775 1285 2840 412.

273 2944 459 3018 Facillime
476 2955 644 3039 poterant
661 2946 765 3038 plura
782 2944 989 3041 hujusmodi
1005 2968 1052 3017 ex
1068 2956 1224 3039 utroque
1246 2970 1342 3040 poe..

272 3072 368 3134 mate
385 3062 540 3157 congeri.
592 3061 673 3135 Aut
690 3062 720 3133 si
737 3062 818 3156 quis
835 3063 1003 3151 κακοζήλου
1019 3062 1123 3141 istius
1145 3065 1330 3156 exemplar

272 3178 389 3252 adbuc
414 3178 609 3272 perfectius
635 3178 807 3272 requirat,
824 3178 933 3252 adem
953 3188 1207 3272 tempestatem
1229 3179 1331 3252 illarn

272 3294 310 3365 in
335 3295 463 3388 quinto
490 3294 684 3366 Pharsaliae
709 3317 774 3387 per
799 3307 947 3365 centum
967 3318 1091 3366 versus
1115 3294 1330 3379 deductam

273 3410 337 3481 ubi
362 3419 484 3502 captat
509 3410 584 3481 fere
610 3408 731 3479 omnia
756 3408 927 3480 Lucanus
959 3433 1042 3502 quae
1067 3433 1133 3481 nos
1158 3409 1332 3504 fugienda

273 3526 451 3598 ducimus.

324 3641 388 3714 Sin
407 3654 529 3712 autem
554 3640 793 3734 pulcherrima
815 3640 903 3712 artis
926 3642 1092 3735 exempla
1113 3640 1152 3712 in
1178 3644 1246 3713 hcc
1270 3665 1331 3738 ge·

273 3781 359 3831 nere
375 3756 587 3828 imitationis
601 3770 819 3851 quaeramus,'
830 3778 877 3828 ex
890 3780 934 3827 eo
946 3758 1100 3849 petenda
1112 3768 1209 3843 sunt,
1222 3781 1331 3854 quem

276 3874 332 3966 (ut
363 3873 535 3969 Scaligeri
562 3873 681 3945 verbis
711 3876 807 3969 utar)
839 3881 863 3915 ‘⁶
876 3897 990 3945 unum
1021 3871 1148 3947 censeo
1175 3875 1330 3961 scivisse,

275 4000 297 4033 ‘⁴
314 3990 402 4085 quid
426 4000 519 4062 esset
536 4012 608 4061 non
629 3989 815 4083 ineptire.’'
866 3990 971 4061 Unus
995 3991 1155 4083 profecto
1172 3991 1260 4062 mihi
1278 3990 1332 4062 vi·

275 4107 381 4179 detur
393 4106 567 4203 Virgilius
585 4106 671 4177 satis
687 4116 915 4200 perspectum
934 4107 1110 4190 habuisse,
1123 4106 1187 4200 qui
1203 4107 1330 4178 modus

274 4220 312 4291 in
331 4222 568 4315 descriptione
585 4222 632 4293 sit
646 4222 1001 4316 servandus-quam
1019 4220 1172 4293 diversae
1188 4220 1331 4314 penitus

275 4336 348 4408 siut
364 4361 420 4409 res
444 4346 557 4409 totum
580 4328 712 4421 dicere,
729 4347 767 4409 et
784 4335 997 4410 omnic-et
1010 4327 1124 4431 *quam
1146 4334 1193 4407 sit
1210 4334 1331 4407 animo

274 4464 420 4548 gratum
438 4478 460 4525 a
477 4454 583 4526 dictis
600 4455 646 4525 ad
664 4477 734 4525 non
753 4452 850 4526 dicta
867 4453 1029 4526 transire.

776 4588 803 4639 n
823 4575 846 4639 4
