3559 5575
506 235 550 303 92
875 225 998 290 PARS
1021 224 1182 289 PRIMA
1349 226 1464 291 Pur..
1486 227 1585 292 vn.

504 404 613 476 variis
629 399 859 493 scriptoribus
876 401 1042 492 exempla
1059 399 1097 469 in
1110 420 1155 470 eo
1167 397 1393 492 potissimum
1410 411 1506 471 sunt
1518 424 1586 472 ar·

504 528 689 617 gumento,
708 515 804 609 quod
827 515 929 586 nobis
952 539 1017 586 sua
1039 525 1167 607 sponte
1193 515 1311 606 placet
1323 525 1517 586 t-tamen
1544 517 1584 586 si

504 636 584 730 quis
601 659 644 706 ea
661 632 836 704 attentius
853 631 1063 724 perpendat,
1082 630 1145 701 vix
1162 629 1314 701 dubium
1331 632 1458 713 habeo,
1475 632 1581 725 quin

503 760 541 822 et
551 752 619 821 hoc
632 771 774 842 quoque
787 747 823 817 in
838 747 881 818 iis
895 770 970 818 esse
986 746 1250 841 perjucundum
1269 745 1454 828 concedet,
1464 748 1579 838 quod

503 887 592 952 rem,
609 865 701 936 sicut
718 872 784 946 est,
799 862 938 955 liquido
966 872 1003 933 et
1025 861 1180 933 fideliter
1204 871 1404 953 exponunt,
1419 874 1578 934 serrata

504 982 677 1074 cujusque
694 977 746 1049 rei
763 977 994 1071 proprietate.

553 1096 638 1166 Jam
655 1117 750 1178 vero,
768 1093 865 1188 quod
889 1093 985 1165 inter
1010 1115 1168 1163 summos
1192 1092 1324 1163 Poetae
1347 1101 1387 1163 et
1406 1093 1572 1164 minores

503 1211 684 1306 praecipue
694 1210 865 1282 interesse
878 1209 995 1280 visum
1008 1218 1074 1291 est,
1087 1207 1220 1279 iterum
1233 1210 1301 1280 hoc
1313 1210 1391 1280 looo
1403 1209 1570 1301 proferre

504 1329 620 1402 liceat.
672 1327 814 1419 Nempe
841 1326 920 1398 illos
948 1326 1107 1396 fabulum
1136 1347 1263 1396 ornare
1292 1335 1403 1418 atque
1427 1349 1569 1420 augere

503 1447 606 1528 velle,
623 1442 864 1536 oonquirendo
880 1441 1056 1536 imagines
1079 1451 1207 1532 suapte
1228 1451 1359 1512 notura
1382 1443 1567 1532 pulchras,

503 1582 591 1654 quas
608 1579 781 1650 eousque
804 1556 1018 1652 depingunt,
1035 1556 1150 1628 donec
1172 1556 1210 1627 in
1236 1567 1394 1628 mentem
1416 1559 1565 1629 lectoris

502 1672 651 1746 introire
673 1683 827 1767 queant:
854 1686 991 1759 contra,
1008 1673 1070 1766 qui
1086 1673 1243 1744 nitidum
1260 1685 1298 1744 et
1314 1675 1395 1744 lene
1416 1697 1565 1766 wemo-

503 1799 583 1860 tum
603 1811 716 1884 genus
740 1791 874 1873 colunt,
892 1788 970 1882 ipso
992 1789 1159 1860 imitandi
1182 1799 1261 1861 arte
1283 1789 1562 1861 admirationem

503 1915 659 1996 capture,
676 1915 713 1976 et
731 1904 887 2001 singulas
905 1915 1025 1997 portes
1041 1929 1084 1977 ea
1100 1916 1222 1978 mente
1239 1905 1414 1999 persequi.
1431 1917 1558 1978 utnon

504 2021 623 2094 minus
646 2022 893 2115 descriptionis
914 2021 985 2092 fide
1008 2021 1201 2110 deiectent,
1220 2045 1330 2117 quem
1356 2022 1408 2094 rei
1430 2045 1559 2094 venus·

504 2149 590 2213 tate.

554 2257 647 2326 Haec
664 2265 786 2328 autem
803 2253 906 2348 quasi
921 2253 959 2324 in
981 2253 1188 2324 universum
1211 2253 1309 2324 dicta
1333 2263 1481 2347 occepta
1497 2279 1556 2327 ve-

501 2371 586 2442 lim:
612 2394 768 2464 namque
786 2370 968 2441 interdum
987 2369 1176 2463 utrobique
1193 2369 1298 2441 aliter
1313 2370 1446 2442 evenit.
1496 2371 1555 2444 Sic

501 2488 603 2558 nives
619 2488 786 2558 hibernas
802 2494 880 2555 toto
898 2507 980 2556 aere
997 2488 1152 2558 molliter
1170 2487 1338 2558 cadentes
1355 2497 1394 2559 et
1410 2510 1483 2559 uno
1496 2512 1554 2559 ve-

502 2603 634 2674 lamine
657 2599 899 2694 cooperientes
920 2604 1052 2686 omnia,
1076 2603 1211 2696 optime
1237 2627 1324 2675 sane
1352 2605 1416 2676 sed
1442 2604 1553 2677 fusius

502 2717 606 2789 solito
623 2715 831 2811 exsequitur
849 2717 1042 2804 Homerus,

586 2854 686 2931 Toivt',
702 2852 775 2919 ὥστε
789 2854 896 2936 νιφάδες
909 2855 1002 2942 χιὸνος
1015 2858 1148 2922 πίπτουσι
1163 2859 1276 2940 θαμειαὶ

581 2954 698 3038 Ἧμοιπι
712 2956 860 3044 χιιριορῐορ,
877 2956 921 3021 ὅτι
936 2960 960 3022 τ’
976 2958 1060 3037 uipera
1074 2958 1194 3042 puriora
1210 2961 1279 3034 Ζιὺς

586 3058 711 3143 Νιφέμιν
725 3060 901 3144 ἀνθρώποισι,
916 3064 1137 3144 πιφαυσκόμενος
1152 3064 1190 3125 τοὶ
1204 3059 1224 3125 ἃ
1238 3068 1327 3141 κῆλα,

588 3164 817 3233 ΚΟΙΜΗΣΑΣ
840 3168 875 3229 A·
891 3164 1100 3233 ΑΝΕΜΟΥΣ
1121 3170 1221 3229 xum
1240 3169 1468 3245 ΕΜΠΕΔΟΝ,
1482 3166 1551 3250 ι’ρρι

671 3266 788 3353 καλύψῃ

584 3370 720 3447 'Mein
735 3368 815 3455 ὀρίνοι
830 3372 963 3453 κορυφὰς,
979 3369 1028 3431 καὶ
1042 3367 1165 3454 πρώονας
1180 3368 1291 3454 ἄκρους,

586 3469 646 3533 Καὶ
660 3468 740 3531 πεδίον
756 3475 912 3548 λωτοῦντα,
926 3470 975 3532 καὶ
990 3472 1092 3556 ἀνδρῶν
1105 3470 1186 3535 πιόνοι
1201 3472 1283 3559 ἔργα·

584 3568 646 3632 Καί
658 3572 684 3633 π’
700 3572 738 3651 ip'
755 3570 822 3643 οἱλὸς
835 3576 932 3645 πολιῆς
948 3571 1083 3656 κε’χυται,
1099 3572 1212 3655 λιμέσιν
1226 3600 1269 3653 τι,
1285 3575 1334 3637 καὶ
1350 3577 1462 3649 ἂκτοιῖς·

585 3674 708 3733 ΚΎΜΑ
723 3674 779 3735 ΛΕ
794 3674 875 3734 ΜΙΝ
889 3674 1182 3738 ΠΡΟΣΠΛΑΖΟΝ
1194 3680 1413 3756 ΕΡΥΚΕΤΑῘ,
1425 3674 1504 3740 ἄλλοι
1516 3700 1547 3739 το

668 3773 764 3837 πάντα

584 3874 727 3940 tntum
741 3876 895 3965 autimi,
911 3878 950 3943 ὅτ’
966 3878 1096 3965 ὗπιβρίσρ
1111 3880 1179 3954 Διὸς
1193 3880 1308 3968 ὄμβρος.

1298 3984 1352 4048 Ir..
1368 3988 1416 4048 M.
1431 3984 1505 4051 278.

494 4109 549 4179 At
566 4108 596 4180 oi
612 4110 773 4203 ejusdem
795 4122 953 4206 segetem
971 4122 1080 4184 vento
1103 4112 1339 4185 fluctuantem
1364 4135 1448 4184 cum
1471 4112 1546 4184 Silii
