3559 5575
511 132 577 202 160
879 127 1002 195 PARS
1025 125 1187 194 PRIMA
1362 124 1481 195 Pur„
1495 129 1573 196 XI.

511 296 1408 397 ..untMatnematicissuaquaevoesntposmota
1442 304 1574 386 Quare

510 433 625 494 artem
638 421 753 514 ipsam
765 419 943 512 improbes
955 419 1051 502 licet,
1062 415 1094 490 si
1104 419 1202 489 voles
1213 443 1222 488 :
1240 417 1370 490 artifici
1381 441 1429 489 ne
1444 419 1572 491 fraudi
1663 400 1664 457 ἦ

510 537 569 622 sit,
581 537 678 631 quod
694 559 737 608 ea
754 545 895 630 quaerat
907 536 1127 630 adjumenta,
1141 533 1272 628 quibus
1288 533 1466 621 nearest,
1477 554 1571 628 opus

509 654 615 746 plane
631 652 766 724 absolvi
783 652 919 746 nequit.

560 768 708 862 Optime
726 789 810 840 sane
830 791 873 839 ac
895 765 1172 860 'prudentissime
1196 789 1220 836 a
1243 784 1385 838 summo
1410 765 1569 859 philoso-

509 881 582 976 pho
598 894 745 955 cautum
762 894 828 967 est,
845 905 892 955 ne
908 881 989 978 quis
1005 881 1242 954 subtilitatem
1264 881 1460 954 definiendi
1484 907 1567 975 pos-

509 1009 579 1082 eat,
597 1021 707 1110 quam
723 996 777 1070 rei
793 990 925 1070 natura
939 999 986 1070 de
1001 1020 1075 1092 qua
1090 996 1271 1090 loquimur
1289 997 1328 1066 in
1351 1019 1391 1068 se
1413 1020 1485 1069 non
1507 1023 1567 1069 re-

510 1114 619 1208 cipit}
645 1111 824 1186 ἆταιθευτοῦ
846 1112 908 1211 γὰρ
928 1111 1006 1185 ἔστι.
1058 1113 1166 1196 Quod
1186 1135 1271 1183 vero
1294 1103 1356 1183 iile
1384 1112 1423 1183 in
1447 1114 1565 1206 philo-

509 1232 645 1325 sophiae
670 1231 797 1304 studiis
823 1230 1023 1302 cavendum
1049 1228 1201 1315 monuit,
1217 1226 1319 1298 nobis
1341 1251 1436 1299 curae
1459 1229 1508 1301 sit
1524 1231 1563 1300 in

509 1347 791 1419 moderationem
808 1346 896 1417 artis
911 1345 1114 1416 transferre.
1148 1343 1201 1414 Et
1212 1343 1373 1436 profecto
1389 1344 1452 1438 qui
1469 1348 1563 1417 hone

508 1463 650 1534 veniam
676 1462 790 1555 poetis
816 1462 902 1532 dare
926 1459 1210 1556 gravetur-qui
1234 1461 1329 1530 locos
1355 1461 1563 1556 hujusmodi

508 1577 624 1649 acrius
649 1577 817 1662 insectari
842 1587 951 1664 amet,
973 1578 1012 1647 iu
1038 1577 1152 1669 iisque
1175 1573 1365 1647 irridendis
1389 1576 1498 1647 nimis
1524 1603 1562 1650 se

507 1692 665 1764 facetum
688 1693 982 1765 existimet-nse
997 1693 1070 1776 ille,
1088 1715 1167 1764 meo
1190 1692 1337 1786 quidem
1355 1692 1508 1787 Judicio,
1524 1705 1562 1766 et

507 1807 630 1882 liberae
647 1809 846 1904 disciplinae
868 1809 984 1880 omnis
1005 1809 1152 1905 ignor-m
1178 1809 1363 1891 habeatur,
1379 1819 1418 1880 et
1434 1811 1561 1881 huma-

507 1925 633 1997 nitatis
648 1947 788 2019 expers.

557 2039 765 2114 Videndum
781 2051 904 2113 tamen
927 2053 994 2125 est,
1011 2062 1058 2111 ne
1080 2039 1177 2134 quod
1199 2039 1251 2111 sie
1272 2039 1479 2111 neeessitati
1496 2040 1560 2112 tri·

506 2157 641 2243 buitur,
665 2158 822 2231 licentias
850 2156 1042 2228 inserviatz
1072 2177 1119 2227 ne
1147 2156 1244 2248 quod
1273 2155 1427 2226 strenuis
1452 2158 1560 2227 soler·

506 2271 674 2369 tibusque
706 2273 830 2369 largiri
854 2274 1029 2354 volumus,
1054 2270 1195 2367 ignavis
1223 2271 1336 2363 prosit
1362 2281 1401 2343 et
1424 2272 1558 2343 otiosis.

506 2387 656 2468 Quoties
681 2387 793 2482 igitur
808 2387 886 2458 fieri
903 2396 1022 2480 potest
1037 2396 1079 2457 ut
1097 2386 1243 2458 alterius
1260 2409 1367 2479 opem
1384 2386 1420 2457 hi
1438 2397 1558 2460 motus

506 2501 707 2572 animorum
720 2513 879 2596 pateant,
894 2513 958 2574 ant
970 2525 1018 2574 ex
1034 2522 1197 2595 personae
1213 2500 1324 2594 ipsius
1341 2523 1505 2574 sermone
1520 2514 1559 2576 et

504 2613 781 2698 festinantem
795 2641 1011 2712 quocunque
1024 2619 1130 2689 modo
1147 2617 1338 2690 manifesta
1352 2619 1453 2702 fiant,
1465 2642 1560 2690 nun-

505 2751 615 2824 quam
631 2731 662 2803 si
679 2731 783 2827 sapit,
800 2734 930 2805 adhoc
946 2734 1130 2830 confugiet
1146 2733 1317 2828 scriptun
1334 2734 1421 2830 quin
1438 2735 1558 2828 potius

505 2846 651 2920 omnino
675 2872 759 2923 eum
783 2853 850 2923 hac
866 2850 973 2923 venio
988 2850 1058 2922 nisi
1074 2851 1230 2923 invitum
1250 2862 1289 2923 et
1304 2861 1469 2923 coactum
1492 2876 1559 2945 pu-

504 2964 604 3037 debit
621 2965 686 3038 uti.

554 3080 684 3176 Neque
708 3092 830 3155 tomen
855 3084 924 3153 hoc
947 3081 986 3153 in
1009 3102 1141 3176 genere
1163 3080 1249 3153 sstis
1266 3082 1485 3154 serenandas
1500 3082 1559 3153 fu·

502 3196 573 3269 isse
595 3199 710 3272 fateor
726 3222 774 3271 ex
789 3198 1007 3271 Dramatiois
1030 3197 1260 3290 scriptoribus
1276 3201 1334 3270 vel
1355 3200 1556 3283 maximos3

502 3313 600 3406 quod
625 3314 838 3407 Euripidem
863 3324 928 3387 aut
947 3314 1157 3407 AEschylum
1182 3315 1384 3411 legentibus
1406 3338 1479 3386 non
1502 3338 1554 3386 se-

502 3430 575 3501 mel
587 3440 712 3505 notare
724 3432 927 3528 contigerit.
978 3432 1190 3528 Cujussnodi
1207 3443 1262 3506 est
1277 3433 1368 3506 illud
1382 3433 1422 3505 in
1439 3433 1558 3506 Choe-

501 3545 643 3640 phoris:

587 3673 675 3760 Oi'pos
689 3678 756 3754 sas,
772 3674 843 3760 sipon
858 3678 990 3744 δεσπότου
1003 3678 1179 3763 τελουμένου·

586 3776 674 3860 Οἲμοι
688 3778 759 3861 μέλ’
774 3778 860 3861 αὖθις,
876 3784 934 3849 ΕΝ
947 3784 1115 3847 mnus}
1127 3782 1511 3851 mmmmm.

1344 3885 1417 3949 Ver.
1432 3885 1510 3952 872

550 4002 704 4080 Peeosm
724 4004 851 4099 utique
866 4004 1036 4079 ridentur
1052 4006 1120 4079 nac
1135 4006 1174 4078 in
1191 4015 1295 4100 parte
1309 4028 1392 4101 que
1407 3998 1558 4081 Atossae
