3559 5575
1017 57 1151 125 272
1686 51 1933 144 PARS
1979 49 2429 116 SECUNDA
2650 49 2885 115 Pur..
2917 51 3145 118 XXI.

1013 228 1186 301 inde
1235 224 1609 321 sententiis
1651 222 2029 296 accesserit
2067 222 2347 316 pondus
2390 231 2470 293 et
2500 222 2760 317 gratia,
2792 225 2999 318 quod
3046 249 3148 297 ex

1014 367 1093 415 re
1143 353 1220 414 et
1264 342 1544 413 actione
1595 339 1941 421 oriantur,
1987 349 2061 410 et
2111 361 2434 431 personae
2488 337 2792 410 dicentis
2852 341 3147 433 optime

1015 457 1466 540 conveniant,
1500 465 1660 526 tum
1709 441 2048 526 facillime
2099 453 2258 547 quis
2302 465 2571 536 cernet,
2616 455 2678 525 si
2720 457 2974 528 statim
3025 458 3145 528 his

1013 573 1342 667 perlectis
1390 571 1483 642 ad
1520 571 1825 641 Hesiodi
1858 571 2190 663 quaedam
2237 569 2313 640 in
2360 570 2613 641 eodem
2659 594 2923 664 genere
2979 597 3147 644 car·

1014 689 1214 759 mina
1247 711 1323 759 se
1356 687 1698 758 conferat.
1802 686 1906 755 At
1945 684 2160 756 simul
2193 695 2458 768 cernet,
2494 697 2848 779 quantum
2882 685 2962 756 in
3002 688 3140 757 tali

1013 827 1093 875 re
1125 803 1282 895 ipsa
1312 803 1419 873 vis
1453 825 1539 874 ac
1572 801 1838 874 veritas
1872 800 2416 884 sententiarum,
2452 801 2606 872 sine
2656 811 2809 872 arte
2857 811 2993 872 aut
3026 802 3140 872 fa-

1015 921 1205 991 bulae
1237 918 1536 1004 deliciis,
1567 926 1911 1011 praestare
1944 915 2233 1008 poterit.

1118 1034 1292 1105 Pari
1321 1033 1572 1105 itidem
1607 1031 1681 1102 in
1717 1031 1930 1102 laude
1964 1030 2333 1102 habendus
2367 1040 2477 1102 est
2515 1030 2896 1113 HomeruS,
2932 1032 3140 1124 quod

1017 1160 1352 1221 externas
1412 1145 1630 1219 etiam
1689 1145 2038 1241 imagines
2095 1144 2478 1218 nobiliores
2527 1145 2799 1232 fecerit,
2852 1146 3133 1240 aliquid

1016 1273 1230 1356 prout
1275 1263 1548 1335 occasio
1595 1263 1782 1333 ferat
1824 1261 2225 1345 inserendO,
2273 1261 2363 1333 de
2414 1260 2729 1332 numinis
2786 1262 2993 1332 cultu
3047 1284 3137 1331 ac

1015 1379 1437 1460 reverentia,
1483 1388 1610 1448 aut
1655 1376 1927 1447 invicta
1976 1385 2355 1469 potestate,
2408 1386 2535 1447 aut
2572 1379 2574 1381 ’
2575 1380 2776 1469 justa
2825 1378 2989 1471 ejus
3039 1377 3136 1446 ob

1017 1494 1279 1564 scelera
1313 1492 1720 1563 mortalium
1755 1490 2096 1562 vindicta.
2165 1491 2430 1573 Qualia
2459 1501 2631 1562 sunt
2661 1490 2822 1573 ista,
2857 1490 2932 1560 in
2974 1492 3136 1584 qui·

1017 1608 1149 1677 bus
1190 1607 1504 1678 Patrocli
1556 1630 1846 1678 currum
1901 1606 2089 1699 pesti
2141 1629 2489 1706 aquarum
2540 1616 2934 1699 comparat,
2986 1629 3136 1700 qua

1018 1725 1227 1820 longe
1259 1723 1547 1816 lateque
1581 1732 1956 1794 vastantur
1989 1746 2177 1793 rura.

1187 1886 1296 1959 Ὡς
1324 1886 1367 1946 δ’
1396 1884 1496 1947 ὑπὸ
1529 1883 1773 1947 λαίλαπι
1803 1888 1967 1948 πᾶσα
1999 1887 2224 1961 κελαινὴ
2253 1882 2471 1968 βέβριθε
2493 1882 2651 1969 χθὼν

1179 1985 1409 2068 ‘Hm'
1439 1989 1705 2071 ὀπωρινῷ,
1737 1984 1827 2048 ὅτε
1855 1983 2211 2070 λαβρότατον
2236 1986 2365 2070 χέει
2396 1971 2561 2072 ὕδωρ

1193 2091 1352 2170 Ζεὺς,
1383 2087 1473 2154 ὅτε
1502 2089 1562 2166 δή
1592 2091 1636 2174 ῤ’
1666 2086 1925 2174 ἄνδρεσσι
1955 2088 2367 2171 κοτεσσάμενος
2392 2088 2709 2176 χαλεπήνῃ,

1191 2190 1273 2255 m
1297 2189 1392 2277 βίῃ
1423 2194 1498 2253 εἰν
1525 2193 1704 2276 ἀγορῇ
1733 2193 1972 2262 σκολιὰς
2001 2188 2225 2275 κρίνωσι
2256 2189 2544 2270 θέμιστας,

1190 2294 1301 2357 Ἐκ
1331 2293 1387 2355 δὲ
1417 2291 1566 2369 δίκην
1594 2289 1868 2370 ἐλάσωσι,
1898 2291 2023 2354 θεῶν
2052 2288 2171 2353 ὄπιν
2200 2292 2299 2353 οὐκ
2330 2290 2649 2376 ἀλέγοντες.
2675 2316 2681 2322 ·

2624 2393 2730 2456 Ιι.
2765 2397 2852 2455 Π.
2880 2393 3035 2456 384.

1119 2535 1401 2607 Deinde
1449 2535 1788 2608 torrentis
1839 2534 1987 2607 vim
2036 2546 2114 2609 et
2160 2536 2520 2631 fragorem
2574 2547 2919 2609 consueta
2963 2561 3126 2608 ver-

1021 2672 1229 2720 suum
1265 2651 1639 2745 majestate
1671 2652 1910 2747 pergit
1941 2650 2359 2723 describere.
2463 2652 2721 2744 Neque
2769 2676 2944 2724 sane
2985 2655 3125 2724 hoc

1019 2766 1351 2839 disertius
1409 2769 1636 2839 ullum
1695 2767 1866 2840 novi
1925 2766 2125 2856 ἠθικοῦ
2176 2766 2367 2839 illius
2431 2768 2867 2860 exemplum,
2930 2764 3124 2862 quod

1021 2882 1285 2977 ubique
1333 2883 1408 2953 in
1466 2883 1766 2954 Homeri
1815 2883 2166 2975 poematis
2217 2885 2490 2965 elucet;
2541 2884 3121 2978 quandoquidem

1020 3001 1137 3071 vel
1167 3023 1263 3071 ex
1296 2998 1630 3070 maximis
1665 3008 1945 3069 naturae
1981 2997 2363 3084 miracuIiS,
2390 3022 2553 3092 quae
2584 3024 2627 3069 a
2660 3000 2940 3071 caeteris
2974 3002 3122 3071 fere

1022 3116 1478 3208 scriptoribus
1521 3114 1922 3207 phantasiae
1968 3114 2181 3184 modo
2226 3113 2465 3209 gratia
2507 3112 2961 3198 adhibentur,
2997 3116 3123 3185 ali-

1020 3215 1196 3324 quid
1228 3230 1348 3301 ille
1380 3232 1587 3301 bonae
1625 3229 1855 3325 frugis
1897 3228 2152 3301 elicere
2196 3240 2415 3317 amet,
2448 3253 2614 3324 quae
2659 3231 2752 3302 ad
2803 3241 3120 3301 mentem

1022 3344 1543 3416 informandam
1578 3356 1653 3417 et
1685 3346 2095 3440 purgandos
2128 3346 2429 3417 affectus
2462 3348 2718 3419 valeat.

1121 3460 1354 3553 Atqui
1402 3483 1488 3530 ea
1543 3461 1758 3552 praeci
1762 3461 1922 3553 puis
1974 3460 2164 3553 apud
2217 3460 2506 3533 Graecos
2557 3472 2631 3533 et
2666 3461 2997 3556 Tragicis
3048 3472 3122 3533 et

1022 3573 1302 3665 Lyricis
1348 3573 1806 3666 scriptoribus
1852 3575 2249 3646 communis
2290 3586 2400 3647 est
2433 3578 2610 3659 lauS,
2645 3586 2732 3647 ut
2764 3597 3120 3646 summam

1020 3688 1161 3761 Dei
1194 3689 1665 3761 reverentiam
1699 3701 1775 3762 et
1808 3701 2082 3762 metum
2118 3692 2607 3783 profiteantur.

1363 3832 1473 3891 'Ex
1502 3828 1629 3891 θεῶν
1656 3832 1772 3912 γὰρ
1804 3829 2067 3913 μαχαναὶ
2099 3833 2207 3889 πᾶ.

1451 3955 1549 3991 σαι
1577 3930 1831 4013 βροτέαις
1858 3932 2106 4016 ἀρεταῖς,
