3559 5575
392 543 791 610 PRAELEctuONUM
815 544 1142 612 ARGUMENTA.
1266 550 1299 614 xi

555 717 803 777 PRAELECTIO
824 719 992 780 DECIMA.

243 821 379 884 Poeseos
401 841 474 883 cum
497 818 628 884 Pictura
652 819 685 884 in
707 821 887 900 Affectibus
912 822 1072 888 imitandis
1095 825 1297 912 comparatio.

286 922 433 988 Affectus
446 936 621 1001 nascentes,
635 921 761 1002 dubios,
777 922 905 1005 mixtos,
917 924 1108 992 fluctuantes
1122 928 1233 1015 nequit
1243 951 1299 993 ex-

285 1024 421 1112 primere
435 1024 674 1103 Pictura-Qui
688 1038 792 1090 tamen
807 1048 916 1092 omnes
930 1027 1023 1092 Poesi
1038 1028 1210 1094 admodum
1225 1049 1300 1094 con-

285 1127 428 1192 veniunt.
482 1127 524 1191 In
551 1125 601 1191 his
628 1139 734 1192 autem
759 1127 920 1194 imitandis
944 1129 1105 1196 interdum
1131 1131 1298 1197 offendunt

284 1245 396 1318 poetae.
441 1231 572 1294 Dantur
584 1231 744 1295 cautiones
759 1231 906 1318 quoedam
922 1245 954 1298 et
968 1245 1133 1321 praecepta.
1172 1233 1298 1299 Deinde

285 1331 325 1397 ad
339 1332 502 1421 Simplices
511 1333 657 1398 Affectus
667 1332 825 1420 graviores
835 1333 1193 1423 acceditur-principio
1204 1336 1298 1401 Amc-

286 1455 363 1498 rem.
408 1436 450 1499 In
477 1458 543 1522 quo
567 1439 755 1521 argumento
779 1436 944 1501 necundo
968 1437 1144 1526 Apolloni,
1169 1437 1296 1518 Valerii,

286 1535 406 1616 Ovidii,
417 1535 542 1624 Virgilii
556 1535 781 1623 expenduntur
794 1537 916 1602 merita.
1178 1561 1210 1626 p.
1223 1542 1296 1605 185.

516 1741 768 1804 PRAELECTIO
790 1743 1025 1804 UNDECIMA.

240 1845 294 1910 De
312 1844 499 1910 Affectuum
520 1843 702 1932 graviorum
728 1843 902 1909 imitatione
924 1844 1128 1909 continuatur
1150 1846 1295 1933 quaestic.

286 1949 367 2028 Quae
386 1961 460 2013 sunt
474 1949 546 2012 Iroe
561 1945 699 2012 maxime
719 1946 858 2034 propria,
880 1946 1033 2034 exemplis
1053 1957 1218 2034 poetarum
1241 1950 1297 2015 ad-

284 2051 398 2131 ductis,
413 2063 589 2138 ponuntur.
634 2052 742 2114 Iratus
760 2048 889 2114 ultionis
907 2048 1044 2136 imagine
1063 2071 1096 2113 se
1117 2049 1297 2116 oblactat-

284 2151 424 2218 dolorem
439 2151 545 2239 potius
559 2149 674 2216 sentire
684 2148 837 2214 vulteum
849 2149 902 2215 cui
916 2150 1072 2230 irascitur,
1083 2173 1180 2238 quam
1193 2151 1297 2240 perire

283 2255 457 2344 -justitioe
470 2256 609 2343 quodam
626 2275 718 2318 sensu
738 2251 1065 2340 inuititur-quarum
1083 2277 1191 2320 rerum
1212 2279 1296 2344 saepe

284 2357 398 2422 oblitos
412 2380 445 2422 se
458 2366 600 2444 arguunt
613 2353 687 2419 mali
702 2353 878 2441 scriptores.
915 2354 1003 2420 Hinc
1017 2353 1147 2421 liberius
1160 2356 1194 2421 iu
1208 2380 1296 2444 quae-

283 2459 415 2524 ationem
440 2457 623 2544 inquiritur,
643 2467 801 2542 quatenus
821 2455 931 2519 deceat
947 2477 1113 2543 personam
1129 2458 1296 2528 interiores

284 2582 359 2626 suos
373 2581 482 2625 sensus
494 2559 595 2644 ipsam
610 2555 714 2620 verbis
728 2555 847 2619 efferre.
1171 2582 1205 2647 p.
1220 2563 1294 2633 149.

505 2761 752 2823 PRAELEC'I'IO
771 2761 1029 2827 DUODECIMA.

240 2869 291 2934 De
305 2867 426 2933 luctata
444 2866 626 2931 imitatione.
673 2864 771 2952 Signa
791 2864 940 2951 quaedam
960 2863 1113 2952 imperitis
1134 2867 1293 2956 scriptori.

282 2970 344 3035 bus
364 2967 469 3033 mInus
490 2980 720 3055 uota—stupor
740 2980 773 3030 et
793 2964 1224 3033 silentium-carisomcrum
1246 2970 1294 3035 in-

281 3072 410 3139 cusatio.
440 3072 633 3137 Absentium
647 3068 801 3157 quioquid
808 3070 984 3157 propriam
997 3069 1106 3150 fuerit,
1117 3094 1181 3137 aon
1192 3074 1294 3141 virtus

281 3175 387 3255 modo,
398 3171 796 3240 aestimatur-Proeteritos
806 3170 914 3259 potius
927 3170 1049 3237 labores
1063 3196 1160 3261 quam
1174 3177 1294 3262 gaudia

282 3288 479 3341 mortuorum
494 3274 647 3363 respicere
661 3274 767 3361 juvat,
783 3294 921 3359 quorum
936 3272 995 3361 ipsi
1010 3273 1179 3363 participes
1191 3276 1291 3341 fueri.

281 3401 363 3443 mus.
408 3378 672 3464 Perstringuntur
689 3374 766 3439 vitia
785 3373 932 3462 quadam
951 3387 1095 3440 veterum
1115 3390 1290 3463 poetarum.

284 3482 394 3546 Sermo
403 3479 605 3545 vehementer
617 3476 792 3542 dolentium
806 3475 999 3562 metaphoris
1012 3476 1292 3543 abundat-etiam

281 3582 419 3649 ludentis
433 3580 567 3671 speciem
581 3577 752 3666 aliquando
764 3576 895 3664 praebet.
1171 3601 1203 3666 p.
1216 3579 1291 3647 164.

303 3862 426 3929 PARS
450 3860 674 3927 SECUNDA
696 3858 761 3923 DE
784 3856 1090 3923 AFFECTIBUS
1114 3858 1221 3926 SIVE

613 3968 926 4052 SYMPATfflA„

461 4099 708 4159 PRAELEC'I'IO
728 4097 888 4157 DECIMA
909 4094 1072 4155 TERTIA.

241 4204 385 4272 Secunda
398 4202 457 4268 hac
472 4214 563 4290 parte
576 4200 617 4265 de
632 4184 801 4289 Afflcts'bua
815 4197 880 4263 sive
897 4198 1091 4287 Syrnputbia
1109 4197 1142 4263 in
1161 4200 1222 4264 tria
1240 4226 1291 4267 ca·

280 4302 349 4394 pita
361 4304 471 4384 divisa,
483 4303 524 4369 de
538 4303 642 4391 primo
654 4300 757 4390 capite
770 4299 822 4388 agi
836 4312 976 4388 coeptum
991 4308 1057 4364 e'st:
1073 4322 1186 4389 nempe
1200 4304 1290 4369 atad

282 4408 460 4473 Hominum
474 4406 618 4471 fortunas
634 4428 671 4470 ac
690 4424 792 4470 mores
812 4414 1035 4490 argumentum
1055 4401 1200 4467 carminis
1220 4428 1291 4491 per.
