<?xml version="1.0" encoding="UTF-8"?>
<!DOCTYPE html PUBLIC "-//W3C//DTD XHTML 1.0 Transitional//EN"
    "http://www.w3.org/TR/xhtml1/DTD/xhtml1-transitional.dtd">
<html xmlns="http://www.w3.org/1999/xhtml" xml:lang="en" lang="en">
 <head>
  <title>
</title>
<meta http-equiv="Content-Type" content="text/html;charset=utf-8" />
  <meta name='ocr-system' content='tesseract 3.04.00' />
  <meta name='ocr-capabilities' content='ocr_page ocr_carea ocr_par ocr_line ocrx_word'/>
</head>
<body>
  <div class='ocr_page' id='page_1' title='image "./praelectionesac00coplgoog_0063.png"; bbox 0 0 3559 5575; ppageno 0'>
   <div class='ocr_carea' id='block_1_1' title="bbox 921 503 1602 570">
    <p class='ocr_par' dir='ltr' id='par_1_1' title="bbox 921 503 1602 570">
     <span class='ocr_line' id='line_1_1' title="bbox 921 503 1602 570; baseline -0.003 -2"><span class='ocrx_word' id='word_1_1' title='bbox 921 504 1043 570; x_wconf 84' lang='lat' dir='ltr'>PARS</span> <span class='ocrx_word' id='word_1_2' title='bbox 1068 503 1229 568; x_wconf 77' lang='lat' dir='ltr'>PRIMA</span> <span class='ocrx_word' id='word_1_3' title='bbox 1412 507 1525 570; x_wconf 83' lang='lat' dir='ltr'><strong>Pur..</strong></span> <span class='ocrx_word' id='word_1_4' title='bbox 1539 506 1602 570; x_wconf 82' lang='lat' dir='ltr'><strong>lv.</strong></span> 
     </span>
    </p>
   </div>
   <div class='ocr_carea' id='block_1_2' title="bbox 626 673 1550 1558">
    <p class='ocr_par' dir='ltr' id='par_1_2' title="bbox 626 673 1550 1558">
     <span class='ocr_line' id='line_1_2' title="bbox 628 673 1370 761; baseline 0.001 -22"><span class='ocrx_word' id='word_1_5' title='bbox 628 680 696 750; x_wconf 72' lang='grc' dir='ltr'><strong>Πῶς</strong></span> <span class='ocrx_word' id='word_1_6' title='bbox 711 677 733 738; x_wconf 66' lang='grc' dir='ltr'><strong>δ’</strong></span> <span class='ocrx_word' id='word_1_7' title='bbox 748 674 816 758; x_wconf 78' lang='grc' dir='ltr'><strong><em>ὅρνις</em></strong></span> <span class='ocrx_word' id='word_1_8' title='bbox 831 681 910 740; x_wconf 70' lang='grc' dir='ltr'><strong>κατὰ</strong></span> <span class='ocrx_word' id='word_1_9' title='bbox 923 676 1005 758; x_wconf 71' lang='grc' dir='ltr'><strong>δῶμα</strong></span> <span class='ocrx_word' id='word_1_10' title='bbox 1017 673 1160 749; x_wconf 65' lang='lat' dir='ltr'><strong>emisseus</strong></span> <span class='ocrx_word' id='word_1_11' title='bbox 1175 675 1370 761; x_wconf 63' lang='lat' dir='ltr'><strong>Mpdrowo&#39;</strong></span> 
     </span>
     <span class='ocr_line' id='line_1_3' title="bbox 626 777 1306 865; baseline 0.003 -25"><span class='ocrx_word' id='word_1_12' title='bbox 626 777 789 862; x_wconf 75' lang='grc' dir='ltr'><strong><em>Ἀρτιτόκσς</em></strong></span> <span class='ocrx_word' id='word_1_13' title='bbox 805 783 923 864; x_wconf 61' lang='grc' dir='ltr'><strong>νεκροῖσι</strong></span> <span class='ocrx_word' id='word_1_14' title='bbox 936 781 1156 865; x_wconf 69' lang='grc' dir='ltr'><strong>σιρισιιιιίρσυσα</strong></span> <span class='ocrx_word' id='word_1_15' title='bbox 1172 783 1306 854; x_wconf 80' lang='grc' dir='ltr'><strong>νισσσσῖς,</strong></span> 
     </span>
     <span class='ocr_line' id='line_1_4' title="bbox 627 877 1329 963; baseline 0 -21"><span class='ocrx_word' id='word_1_16' title='bbox 627 879 732 954; x_wconf 73' lang='grc' dir='ltr'><strong><em>Κίρκον</em></strong></span> <span class='ocrx_word' id='word_1_17' title='bbox 745 880 811 963; x_wconf 70' lang='grc' dir='ltr'><strong>ὑπὲρ</strong></span> <span class='ocrx_word' id='word_1_18' title='bbox 826 877 924 963; x_wconf 61' lang='lat' dir='ltr'><strong>ripere</strong></span> <span class='ocrx_word' id='word_1_19' title='bbox 939 881 1152 961; x_wconf 77' lang='grc' dir='ltr'><strong>κατισᾶλμινσν</strong></span> <span class='ocrx_word' id='word_1_20' title='bbox 1166 880 1329 962; x_wconf 73' lang='grc' dir='ltr'><strong>ἁθρήσασιι,</strong></span> 
     </span>
     <span class='ocr_line' id='line_1_5' title="bbox 626 980 1422 1068; baseline 0.006 -26"><span class='ocrx_word' id='word_1_21' title='bbox 626 983 698 1058; x_wconf 62' lang='lat' dir='ltr'><strong>&#39;oft</strong></span> <span class='ocrx_word' id='word_1_22' title='bbox 712 983 763 1063; x_wconf 75' lang='lat' dir='ltr'><strong>pir</strong></span> <span class='ocrx_word' id='word_1_23' title='bbox 778 981 902 1065; x_wconf 77' lang='grc' dir='ltr'><strong><em>ἔκλαγεν</em></strong></span> <span class='ocrx_word' id='word_1_24' title='bbox 916 981 1004 1060; x_wconf 68' lang='lat' dir='ltr'><strong>aileu,</strong></span> <span class='ocrx_word' id='word_1_25' title='bbox 1021 983 1069 1045; x_wconf 71' lang='lat' dir='ltr'><strong>sal</strong></span> <span class='ocrx_word' id='word_1_26' title='bbox 1084 980 1191 1068; x_wconf 72' lang='grc' dir='ltr'><strong><em>ἄνθορεν</em></strong></span> <span class='ocrx_word' id='word_1_27' title='bbox 1205 983 1254 1060; x_wconf 57' lang='lat' dir='ltr'><strong>did</strong></span> <span class='ocrx_word' id='word_1_28' title='bbox 1269 989 1422 1058; x_wconf 77' lang='grc' dir='ltr'><strong>λιιιισῦσα;</strong></span> 
     </span>
     <span class='ocr_line' id='line_1_6' title="bbox 627 1082 1292 1169; baseline 0 -23"><span class='ocrx_word' id='word_1_29' title='bbox 627 1084 744 1169; x_wconf 76' lang='grc' dir='ltr'><strong><em>Αὒχένα</em></strong></span> <span class='ocrx_word' id='word_1_30' title='bbox 760 1085 781 1146; x_wconf 63' lang='grc' dir='ltr'><strong>δ’</strong></span> <span class='ocrx_word' id='word_1_31' title='bbox 797 1085 879 1159; x_wconf 70' lang='grc' dir='ltr'><strong>ὑψόσ’</strong></span> <span class='ocrx_word' id='word_1_32' title='bbox 896 1083 983 1167; x_wconf 75' lang='grc' dir='ltr'><strong><em>ἄειρεν</em></strong></span> <span class='ocrx_word' id='word_1_33' title='bbox 998 1087 1025 1157; x_wconf 78' lang='grc' dir='ltr'><strong>ἒς</strong></span> <span class='ocrx_word' id='word_1_34' title='bbox 1039 1082 1107 1168; x_wconf 73' lang='grc' dir='ltr'><strong>ἠέρα</strong></span> <span class='ocrx_word' id='word_1_35' title='bbox 1120 1083 1292 1169; x_wconf 78' lang='grc' dir='ltr'><strong>γυρῶσασα,</strong></span> 
     </span>
     <span class='ocr_line' id='line_1_7' title="bbox 628 1185 1299 1273; baseline -0.003 -23"><span class='ocrx_word' id='word_1_36' title='bbox 628 1188 686 1250; x_wconf 76' lang='grc' dir='ltr'><strong>Καὶ</strong></span> <span class='ocrx_word' id='word_1_37' title='bbox 701 1186 806 1262; x_wconf 75' lang='grc' dir='ltr'><strong>πάσαις</strong></span> <span class='ocrx_word' id='word_1_38' title='bbox 821 1187 965 1273; x_wconf 65' lang='lat' dir='ltr'><strong>incipio</strong></span> <span class='ocrx_word' id='word_1_39' title='bbox 980 1189 1038 1258; x_wconf 65' lang='lat' dir='ltr'><strong>lais</strong></span> <span class='ocrx_word' id='word_1_40' title='bbox 1052 1185 1157 1271; x_wconf 73' lang='grc' dir='ltr'><strong><em>ἔφριξεν</em></strong></span> <span class='ocrx_word' id='word_1_41' title='bbox 1172 1185 1299 1272; x_wconf 66' lang='grc' dir='ltr'><strong><em>ἐθείραις,</em></strong></span> 
     </span>
     <span class='ocr_line' id='line_1_8' title="bbox 628 1287 1513 1375; baseline -0.002 -22"><span class='ocrx_word' id='word_1_42' title='bbox 628 1289 686 1353; x_wconf 78' lang='lat' dir='ltr'><strong>Kal</strong></span> <span class='ocrx_word' id='word_1_43' title='bbox 701 1291 789 1373; x_wconf 74' lang='grc' dir='ltr'><strong><em>πτερὰ</em></strong></span> <span class='ocrx_word' id='word_1_44' title='bbox 803 1288 883 1351; x_wconf 75' lang='grc' dir='ltr'><strong><em>πάντ’</em></strong></span> <span class='ocrx_word' id='word_1_45' title='bbox 900 1287 1054 1373; x_wconf 71' lang='grc' dir='ltr'><strong>ἐχάλασσε</strong></span> <span class='ocrx_word' id='word_1_46' title='bbox 1067 1288 1131 1350; x_wconf 64' lang='lat' dir='ltr'><strong>eorl</strong></span> <span class='ocrx_word' id='word_1_47' title='bbox 1145 1287 1245 1371; x_wconf 73' lang='grc' dir='ltr'><strong><em>χθόνα·</em></strong></span> <span class='ocrx_word' id='word_1_48' title='bbox 1263 1289 1305 1350; x_wconf 80' lang='lat' dir='ltr'><strong>roi</strong></span> <span class='ocrx_word' id='word_1_49' title='bbox 1321 1290 1343 1350; x_wconf 69' lang='grc' dir='ltr'><strong>δ’</strong></span> <span class='ocrx_word' id='word_1_50' title='bbox 1359 1287 1415 1375; x_wconf 73' lang='grc' dir='ltr'><strong>ἄρα</strong></span> <span class='ocrx_word' id='word_1_51' title='bbox 1430 1289 1513 1351; x_wconf 70' lang='grc' dir='ltr'><strong><em>δειλοὶ</em></strong></span> 
     </span>
     <span class='ocr_line' id='line_1_9' title="bbox 626 1387 1371 1478; baseline -0.005 -21"><span class='ocrx_word' id='word_1_52' title='bbox 626 1395 730 1478; x_wconf 78' lang='grc' dir='ltr'><strong><em>Τεῖχος</em></strong></span> <span class='ocrx_word' id='word_1_53' title='bbox 745 1391 789 1453; x_wconf 76' lang='grc' dir='ltr'><strong>ὑπ’</strong></span> <span class='ocrx_word' id='word_1_54' title='bbox 804 1389 971 1475; x_wconf 79' lang='grc' dir='ltr'><strong><em>εὐπὲρυγον</em></strong></span> <span class='ocrx_word' id='word_1_55' title='bbox 983 1387 1100 1475; x_wconf 69' lang='grc' dir='ltr'><strong>πρυλέες</strong></span> <span class='ocrx_word' id='word_1_56' title='bbox 1113 1389 1237 1475; x_wconf 79' lang='grc' dir='ltr'><strong>σρῖζουσι</strong></span> <span class='ocrx_word' id='word_1_57' title='bbox 1251 1389 1371 1454; x_wconf 70' lang='grc' dir='ltr'><strong>νεοσσοί.</strong></span> 
     </span>
     <span class='ocr_line' id='line_1_10' title="bbox 1254 1495 1550 1558; baseline 0.014 -4"><span class='ocrx_word' id='word_1_58' title='bbox 1254 1497 1411 1556; x_wconf 73' lang='lat' dir='ltr'><strong>KTNHI&#39;.</strong></span> <span class='ocrx_word' id='word_1_59' title='bbox 1426 1498 1463 1556; x_wconf 90' lang='grc' dir='ltr'><strong>Γ.</strong></span> <span class='ocrx_word' id='word_1_60' title='bbox 1474 1495 1550 1558; x_wconf 79' lang='grc'><strong>118.</strong></span> 
     </span>
    </p>
   </div>
   <div class='ocr_carea' id='block_1_3' title="bbox 539 1632 1595 2190">
    <p class='ocr_par' dir='ltr' id='par_1_3' title="bbox 539 1632 1595 2190">
     <span class='ocr_line' id='line_1_11' title="bbox 540 1632 1595 1727; baseline -0.005 -18"><span class='ocrx_word' id='word_1_61' title='bbox 540 1637 724 1720; x_wconf 84' lang='lat' dir='ltr'><strong>Quantum</strong></span> <span class='ocrx_word' id='word_1_62' title='bbox 743 1645 865 1706; x_wconf 83' lang='lat' dir='ltr'><strong>sutem</strong></span> <span class='ocrx_word' id='word_1_63' title='bbox 883 1657 1018 1705; x_wconf 81' lang='lat' dir='ltr'><strong>meram</strong></span> <span class='ocrx_word' id='word_1_64' title='bbox 1035 1632 1273 1704; x_wconf 82' lang='lat' dir='ltr'><strong>imitationem</strong></span> <span class='ocrx_word' id='word_1_65' title='bbox 1288 1647 1432 1727; x_wconf 89' lang='lat' dir='ltr'><strong>superet</strong></span> <span class='ocrx_word' id='word_1_66' title='bbox 1444 1636 1595 1727; x_wconf 81' lang='lat' dir='ltr'><strong>pulchro</strong></span> 
     </span>
     <span class='ocr_line' id='line_1_12' title="bbox 540 1748 1594 1846; baseline -0.004 -22"><span class='ocrx_word' id='word_1_67' title='bbox 540 1777 582 1824; x_wconf 81' lang='lat' dir='ltr'><strong>ec</strong></span> <span class='ocrx_word' id='word_1_68' title='bbox 598 1752 782 1846; x_wconf 84' lang='lat' dir='ltr'><strong>splendida</strong></span> <span class='ocrx_word' id='word_1_69' title='bbox 795 1750 941 1833; x_wconf 82' lang='lat' dir='ltr'><strong>imitari,</strong></span> <span class='ocrx_word' id='word_1_70' title='bbox 953 1773 998 1821; x_wconf 89' lang='lat' dir='ltr'><strong>ex</strong></span> <span class='ocrx_word' id='word_1_71' title='bbox 1012 1748 1228 1842; x_wconf 82' lang='lat' dir='ltr'><strong>comparatis</strong></span> <span class='ocrx_word' id='word_1_72' title='bbox 1241 1748 1339 1820; x_wconf 91' lang='lat' dir='ltr'><strong>hisce</strong></span> <span class='ocrx_word' id='word_1_73' title='bbox 1350 1749 1495 1845; x_wconf 81' lang='lat' dir='ltr'><strong>Virgilii</strong></span> <span class='ocrx_word' id='word_1_74' title='bbox 1507 1750 1594 1821; x_wconf 86' lang='lat' dir='ltr'><strong>locis</strong></span> 
     </span>
     <span class='ocr_line' id='line_1_13' title="bbox 539 1864 1595 1960; baseline -0.001 -23"><span class='ocrx_word' id='word_1_75' title='bbox 539 1866 644 1938; x_wconf 86' lang='lat' dir='ltr'><strong>focile</strong></span> <span class='ocrx_word' id='word_1_76' title='bbox 668 1867 837 1948; x_wconf 88' lang='lat' dir='ltr'><strong>cernitur,</strong></span> <span class='ocrx_word' id='word_1_77' title='bbox 854 1864 983 1959; x_wconf 91' lang='lat' dir='ltr'><strong>quibus</strong></span> <span class='ocrx_word' id='word_1_78' title='bbox 1007 1864 1044 1934; x_wconf 94' lang='lat' dir='ltr'><strong>in</strong></span> <span class='ocrx_word' id='word_1_79' title='bbox 1070 1866 1230 1960; x_wconf 86' lang='lat' dir='ltr'><strong>utrisque</strong></span> <span class='ocrx_word' id='word_1_80' title='bbox 1249 1865 1407 1958; x_wconf 59' lang='lat' dir='ltr'><strong>perfecte</strong></span> <span class='ocrx_word' id='word_1_81' title='bbox 1422 1865 1595 1936; x_wconf 79' lang='lat' dir='ltr'><strong>imitatio-</strong></span> 
     </span>
     <span class='ocr_line' id='line_1_14' title="bbox 540 1979 1595 2076; baseline 0 -24"><span class='ocrx_word' id='word_1_82' title='bbox 540 1982 596 2052; x_wconf 89' lang='lat' dir='ltr'><strong>nis</strong></span> <span class='ocrx_word' id='word_1_83' title='bbox 619 1983 744 2067; x_wconf 84' lang='lat' dir='ltr'><strong>virtus,</strong></span> <span class='ocrx_word' id='word_1_84' title='bbox 762 1981 814 2051; x_wconf 88' lang='lat' dir='ltr'><strong>vis</strong></span> <span class='ocrx_word' id='word_1_85' title='bbox 840 2003 882 2051; x_wconf 83' lang='lat' dir='ltr'><strong>ec</strong></span> <span class='ocrx_word' id='word_1_86' title='bbox 908 1979 1053 2072; x_wconf 88' lang='lat' dir='ltr'><strong>spiritus</strong></span> <span class='ocrx_word' id='word_1_87' title='bbox 1077 1983 1184 2076; x_wconf 88' lang='lat' dir='ltr'><strong>longe</strong></span> <span class='ocrx_word' id='word_1_88' title='bbox 1209 1980 1341 2075; x_wconf 84' lang='lat' dir='ltr'><strong>dispar.</strong></span> <span class='ocrx_word' id='word_1_89' title='bbox 1394 1981 1595 2052; x_wconf 80' lang='lat' dir='ltr'><strong>Notissima</strong></span> 
     </span>
     <span class='ocr_line' id='line_1_15' title="bbox 541 2095 1130 2190; baseline -0.003 -22"><span class='ocrx_word' id='word_1_90' title='bbox 541 2109 625 2168; x_wconf 88' lang='lat' dir='ltr'><strong>sunt</strong></span> <span class='ocrx_word' id='word_1_91' title='bbox 641 2097 702 2168; x_wconf 87' lang='lat' dir='ltr'><strong>ille</strong></span> <span class='ocrx_word' id='word_1_92' title='bbox 718 2096 764 2167; x_wconf 90' lang='lat' dir='ltr'><strong>de</strong></span> <span class='ocrx_word' id='word_1_93' title='bbox 782 2095 959 2190; x_wconf 86' lang='lat' dir='ltr'><strong>pecudum</strong></span> <span class='ocrx_word' id='word_1_94' title='bbox 977 2095 1130 2168; x_wconf 87' lang='lat' dir='ltr'><strong>delectu.</strong></span> 
     </span>
    </p>
   </div>
   <div class='ocr_carea' id='block_1_4' title="bbox 626 2241 1504 3151">
    <p class='ocr_par' dir='ltr' id='par_1_4' title="bbox 626 2241 1504 3151">
     <span class='ocr_line' id='line_1_16' title="bbox 1219 2241 1464 2328; baseline -0.004 -21"><span class='ocrx_word' id='word_1_95' title='bbox 1219 2241 1350 2328; x_wconf 83' lang='lat' dir='ltr'><strong>Optime</strong></span> <span class='ocrx_word' id='word_1_96' title='bbox 1365 2255 1464 2306; x_wconf 82' lang='lat' dir='ltr'><strong>torvae</strong></span> 
     </span>
     <span class='ocr_line' id='line_1_17' title="bbox 627 2343 1504 2432; baseline -0.001 -23"><span class='ocrx_word' id='word_1_97' title='bbox 627 2346 745 2409; x_wconf 83' lang='lat' dir='ltr'><strong>Forma</strong></span> <span class='ocrx_word' id='word_1_98' title='bbox 758 2343 858 2424; x_wconf 87' lang='lat' dir='ltr'><strong>bovis,</strong></span> <span class='ocrx_word' id='word_1_99' title='bbox 869 2344 922 2410; x_wconf 89' lang='lat' dir='ltr'><strong>cui</strong></span> <span class='ocrx_word' id='word_1_100' title='bbox 937 2358 1031 2432; x_wconf 82' lang='lat' dir='ltr'>turpe</span> <span class='ocrx_word' id='word_1_101' title='bbox 1044 2357 1152 2432; x_wconf 83' lang='lat' dir='ltr'><strong>ceput,</strong></span> <span class='ocrx_word' id='word_1_102' title='bbox 1167 2343 1219 2408; x_wconf 93' lang='lat' dir='ltr'><strong>cui</strong></span> <span class='ocrx_word' id='word_1_103' title='bbox 1233 2343 1373 2432; x_wconf 83' lang='lat' dir='ltr'><strong>plurime</strong></span> <span class='ocrx_word' id='word_1_104' title='bbox 1386 2344 1504 2424; x_wconf 85' lang='lat' dir='ltr'><strong>cervix,</strong></span> 
     </span>
     <span class='ocr_line' id='line_1_18' title="bbox 626 2445 1396 2535; baseline -0.008 -21"><span class='ocrx_word' id='word_1_105' title='bbox 626 2451 671 2514; x_wconf 87' lang='lat' dir='ltr'><strong>Et</strong></span> <span class='ocrx_word' id='word_1_106' title='bbox 687 2471 816 2514; x_wconf 87' lang='lat' dir='ltr'><strong>crurum</strong></span> <span class='ocrx_word' id='word_1_107' title='bbox 832 2463 925 2514; x_wconf 88' lang='lat' dir='ltr'><strong>tenus</strong></span> <span class='ocrx_word' id='word_1_108' title='bbox 938 2470 958 2512; x_wconf 82' lang='lat' dir='ltr'><strong>e</strong></span> <span class='ocrx_word' id='word_1_109' title='bbox 972 2461 1079 2512; x_wconf 89' lang='lat' dir='ltr'><strong>mento</strong></span> <span class='ocrx_word' id='word_1_110' title='bbox 1092 2445 1230 2535; x_wconf 78' lang='lat' dir='ltr'><strong>pelearia</strong></span> <span class='ocrx_word' id='word_1_111' title='bbox 1245 2447 1396 2533; x_wconf 89' lang='lat' dir='ltr'><strong>pendent.</strong></span> 
     </span>
     <span class='ocr_line' id='line_1_19' title="bbox 626 2550 1470 2641; baseline -0.004 -24"><span class='ocrx_word' id='word_1_112' title='bbox 626 2555 714 2618; x_wconf 88' lang='lat' dir='ltr'><strong>Tum</strong></span> <span class='ocrx_word' id='word_1_113' title='bbox 729 2552 825 2641; x_wconf 86' lang='lat' dir='ltr'><strong>longo</strong></span> <span class='ocrx_word' id='word_1_114' title='bbox 837 2551 945 2617; x_wconf 88' lang='lat' dir='ltr'><strong>nullus</strong></span> <span class='ocrx_word' id='word_1_115' title='bbox 959 2550 1047 2617; x_wconf 75' lang='lat' dir='ltr'><strong>leten&#39;</strong></span> <span class='ocrx_word' id='word_1_116' title='bbox 1063 2550 1193 2616; x_wconf 85' lang='lat' dir='ltr'><strong>modus:</strong></span> <span class='ocrx_word' id='word_1_117' title='bbox 1217 2551 1323 2614; x_wconf 81' lang='lat' dir='ltr'><strong>omnio</strong></span> <span class='ocrx_word' id='word_1_118' title='bbox 1337 2572 1470 2637; x_wconf 78' lang='lat' dir='ltr'><strong>magne:</strong></span> 
     </span>
     <span class='ocr_line' id='line_1_20' title="bbox 626 2652 1462 2734; baseline -0.006 -13"><span class='ocrx_word' id='word_1_119' title='bbox 626 2657 687 2720; x_wconf 85' lang='lat' dir='ltr'><strong>Pes</strong></span> <span class='ocrx_word' id='word_1_120' title='bbox 701 2655 806 2734; x_wconf 82' lang='lat' dir='ltr'><strong>etiem,</strong></span> <span class='ocrx_word' id='word_1_121' title='bbox 822 2669 854 2719; x_wconf 89' lang='lat' dir='ltr'><strong>et</strong></span> <span class='ocrx_word' id='word_1_122' title='bbox 868 2656 1004 2720; x_wconf 73' lang='lat' dir='ltr'><strong>camuris</strong></span> <span class='ocrx_word' id='word_1_123' title='bbox 1017 2653 1110 2718; x_wconf 81' lang='lat' dir='ltr'><strong>hirtae</strong></span> <span class='ocrx_word' id='word_1_124' title='bbox 1123 2653 1184 2718; x_wconf 86' lang='lat' dir='ltr'><strong>sub</strong></span> <span class='ocrx_word' id='word_1_125' title='bbox 1198 2652 1346 2718; x_wconf 88' lang='lat' dir='ltr'><strong>cornibus</strong></span> <span class='ocrx_word' id='word_1_126' title='bbox 1359 2676 1462 2718; x_wconf 81' lang='lat' dir='ltr'><strong>eures.</strong></span> 
     </span>
     <span class='ocr_line' id='line_1_21' title="bbox 626 2753 1401 2844; baseline 0 -24"><span class='ocrx_word' id='word_1_127' title='bbox 626 2757 694 2821; x_wconf 89' lang='lat' dir='ltr'><strong>Nec</strong></span> <span class='ocrx_word' id='word_1_128' title='bbox 709 2755 785 2819; x_wconf 89' lang='lat' dir='ltr'><strong>mihi</strong></span> <span class='ocrx_word' id='word_1_129' title='bbox 798 2753 961 2841; x_wconf 81' lang='lat' dir='ltr'><strong>displiceat</strong></span> <span class='ocrx_word' id='word_1_130' title='bbox 975 2754 1104 2821; x_wconf 79' lang='lat' dir='ltr'><strong>maculis</strong></span> <span class='ocrx_word' id='word_1_131' title='bbox 1118 2755 1249 2844; x_wconf 79' lang='lat' dir='ltr'><strong>insignis</strong></span> <span class='ocrx_word' id='word_1_132' title='bbox 1262 2769 1295 2820; x_wconf 92' lang='lat' dir='ltr'><strong>et</strong></span> <span class='ocrx_word' id='word_1_133' title='bbox 1309 2755 1401 2820; x_wconf 77' lang='lat' dir='ltr'><strong>alito:</strong></span> 
     </span>
     <span class='ocr_line' id='line_1_22' title="bbox 626 2857 1477 2946; baseline 0 -25"><span class='ocrx_word' id='word_1_134' title='bbox 626 2860 697 2922; x_wconf 85' lang='lat' dir='ltr'><strong>Aut</strong></span> <span class='ocrx_word' id='word_1_135' title='bbox 706 2858 788 2944; x_wconf 75' lang='lat' dir='ltr'><strong>juga</strong></span> <span class='ocrx_word' id='word_1_136' title='bbox 802 2857 989 2936; x_wconf 83' lang='lat' dir='ltr'><strong>detrectans,</strong></span> <span class='ocrx_word' id='word_1_137' title='bbox 1004 2858 1229 2946; x_wconf 83' lang='lat' dir='ltr'><strong>interdumque</strong></span> <span class='ocrx_word' id='word_1_138' title='bbox 1243 2882 1354 2946; x_wconf 81' lang='lat' dir='ltr'><strong>aspera</strong></span> <span class='ocrx_word' id='word_1_139' title='bbox 1367 2880 1477 2938; x_wconf 84' lang='lat' dir='ltr'><strong>cornu,</strong></span> 
     </span>
     <span class='ocr_line' id='line_1_23' title="bbox 626 2957 1436 3049; baseline 0.004 -25"><span class='ocrx_word' id='word_1_140' title='bbox 626 2960 672 3024; x_wconf 85' lang='lat' dir='ltr'><strong>Et</strong></span> <span class='ocrx_word' id='word_1_141' title='bbox 687 2959 797 3023; x_wconf 84' lang='lat' dir='ltr'><strong>faciem</strong></span> <span class='ocrx_word' id='word_1_142' title='bbox 813 2972 905 3022; x_wconf 77' lang='lat' dir='ltr'><strong>tauro</strong></span> <span class='ocrx_word' id='word_1_143' title='bbox 918 2957 1064 3047; x_wconf 84' lang='lat' dir='ltr'><strong>propior:</strong></span> <span class='ocrx_word' id='word_1_144' title='bbox 1088 2984 1226 3049; x_wconf 83' lang='lat' dir='ltr'><strong>quoeque</strong></span> <span class='ocrx_word' id='word_1_145' title='bbox 1240 2962 1343 3026; x_wconf 82' lang='lat' dir='ltr'><strong>ardue</strong></span> <span class='ocrx_word' id='word_1_146' title='bbox 1357 2974 1436 3041; x_wconf 82' lang='lat' dir='ltr'><strong>tote,</strong></span> 
     </span>
     <span class='ocr_line' id='line_1_24' title="bbox 626 3059 1290 3151; baseline 0.006 -26"><span class='ocrx_word' id='word_1_147' title='bbox 626 3064 672 3125; x_wconf 90' lang='lat' dir='ltr'><strong>Et</strong></span> <span class='ocrx_word' id='word_1_148' title='bbox 686 3060 832 3149; x_wconf 82' lang='lat' dir='ltr'><strong>gradiens</strong></span> <span class='ocrx_word' id='word_1_149' title='bbox 846 3059 910 3125; x_wconf 84' lang='lat' dir='ltr'><strong>ima</strong></span> <span class='ocrx_word' id='word_1_150' title='bbox 924 3061 1021 3126; x_wconf 86' lang='lat' dir='ltr'><strong>verrit</strong></span> <span class='ocrx_word' id='word_1_151' title='bbox 1036 3063 1166 3151; x_wconf 83' lang='lat' dir='ltr'><strong>vestigio</strong></span> <span class='ocrx_word' id='word_1_152' title='bbox 1179 3066 1290 3131; x_wconf 76' lang='lat' dir='ltr'><strong>cauda.</strong></span> 
     </span>
    </p>
   </div>
   <div class='ocr_carea' id='block_1_5' title="bbox 1263 3167 1546 3233">
    <p class='ocr_par' dir='ltr' id='par_1_5' title="bbox 1263 3167 1546 3233">
     <span class='ocr_line' id='line_1_25' title="bbox 1263 3167 1546 3233; baseline -0.014 0"><span class='ocrx_word' id='word_1_153' title='bbox 1263 3168 1397 3233; x_wconf 80' lang='lat' dir='ltr'><strong>Gnonc.</strong></span> <span class='ocrx_word' id='word_1_154' title='bbox 1411 3167 1481 3233; x_wconf 91' lang='lat'><strong>111.</strong></span> <span class='ocrx_word' id='word_1_155' title='bbox 1493 3170 1546 3232; x_wconf 80' lang='lat'><strong>51.</strong></span> 
     </span>
    </p>
   </div>
   <div class='ocr_carea' id='block_1_6' title="bbox 537 3301 1592 3632">
    <p class='ocr_par' dir='ltr' id='par_1_6' title="bbox 537 3301 1592 3632">
     <span class='ocr_line' id='line_1_26' title="bbox 538 3301 1592 3400; baseline 0.003 -28"><span class='ocrx_word' id='word_1_156' title='bbox 538 3301 683 3397; x_wconf 81' lang='lat' dir='ltr'><strong>Ecquid</strong></span> <span class='ocrx_word' id='word_1_157' title='bbox 699 3325 856 3395; x_wconf 81' lang='lat' dir='ltr'><strong>unquam</strong></span> <span class='ocrx_word' id='word_1_158' title='bbox 875 3304 1033 3396; x_wconf 80' lang='lat' dir='ltr'><strong>apertius</strong></span> <span class='ocrx_word' id='word_1_159' title='bbox 1053 3315 1118 3376; x_wconf 82' lang='lat' dir='ltr'><strong>eut</strong></span> <span class='ocrx_word' id='word_1_160' title='bbox 1135 3304 1249 3400; x_wconf 83' lang='lat' dir='ltr'><strong>magis</strong></span> <span class='ocrx_word' id='word_1_161' title='bbox 1272 3307 1499 3377; x_wconf 88' lang='lat' dir='ltr'><strong>enucleatum</strong></span> <span class='ocrx_word' id='word_1_162' title='bbox 1526 3316 1592 3376; x_wconf 86' lang='lat' dir='ltr'><strong>aut</strong></span> 
     </span>
     <span class='ocr_line' id='line_1_27' title="bbox 538 3417 1591 3515; baseline 0.001 -26"><span class='ocrx_word' id='word_1_163' title='bbox 538 3430 679 3491; x_wconf 82' lang='lat' dir='ltr'><strong>uaturae</strong></span> <span class='ocrx_word' id='word_1_164' title='bbox 695 3417 868 3512; x_wconf 82' lang='lat' dir='ltr'><strong>propius?</strong></span> <span class='ocrx_word' id='word_1_165' title='bbox 886 3418 942 3490; x_wconf 81' lang='lat' dir='ltr'><strong>At</strong></span> <span class='ocrx_word' id='word_1_166' title='bbox 959 3420 1128 3513; x_wconf 87' lang='lat' dir='ltr'><strong>quoniam</strong></span> <span class='ocrx_word' id='word_1_167' title='bbox 1147 3445 1202 3492; x_wconf 88' lang='lat' dir='ltr'><strong>res</strong></span> <span class='ocrx_word' id='word_1_168' title='bbox 1221 3421 1365 3493; x_wconf 87' lang='lat' dir='ltr'><strong>humilis</strong></span> <span class='ocrx_word' id='word_1_169' title='bbox 1382 3431 1419 3493; x_wconf 89' lang='lat' dir='ltr'><strong>et</strong></span> <span class='ocrx_word' id='word_1_170' title='bbox 1432 3420 1591 3515; x_wconf 83' lang='lat' dir='ltr'><strong>vulgaris</strong></span> 
     </span>
     <span class='ocr_line' id='line_1_28' title="bbox 537 3534 1592 3632; baseline 0.001 -25"><span class='ocrx_word' id='word_1_171' title='bbox 537 3536 667 3632; x_wconf 81' lang='lat' dir='ltr'><strong>egitur,</strong></span> <span class='ocrx_word' id='word_1_172' title='bbox 684 3537 802 3607; x_wconf 92' lang='lat' dir='ltr'><strong>locum</strong></span> <span class='ocrx_word' id='word_1_173' title='bbox 821 3534 886 3605; x_wconf 86' lang='lat' dir='ltr'><strong>vix</strong></span> <span class='ocrx_word' id='word_1_174' title='bbox 912 3537 1031 3608; x_wconf 91' lang='lat' dir='ltr'><strong>denuo</strong></span> <span class='ocrx_word' id='word_1_175' title='bbox 1055 3537 1248 3632; x_wconf 83' lang='lat' dir='ltr'><strong>legendum</strong></span> <span class='ocrx_word' id='word_1_176' title='bbox 1274 3538 1449 3609; x_wconf 86' lang='lat' dir='ltr'><strong>ducimus.</strong></span> <span class='ocrx_word' id='word_1_177' title='bbox 1501 3538 1592 3608; x_wconf 88' lang='lat' dir='ltr'><strong>Pro-</strong></span> 
     </span>
    </p>
   </div>
   <div class='ocr_carea' id='block_1_7' title="bbox 537 3652 1590 3981">
    <p class='ocr_par' dir='ltr' id='par_1_7' title="bbox 537 3652 1590 3981">
     <span class='ocr_line' id='line_1_29' title="bbox 537 3652 1590 3746; baseline 0.001 -24"><span class='ocrx_word' id='word_1_178' title='bbox 537 3652 663 3745; x_wconf 86' lang='lat' dir='ltr'><strong>posito,</strong></span> <span class='ocrx_word' id='word_1_179' title='bbox 679 3652 873 3745; x_wconf 85' lang='lat' dir='ltr'><strong>inquimus,</strong></span> <span class='ocrx_word' id='word_1_180' title='bbox 890 3663 1007 3743; x_wconf 87' lang='lat' dir='ltr'><strong>poetae</strong></span> <span class='ocrx_word' id='word_1_181' title='bbox 1025 3656 1116 3725; x_wconf 90' lang='lat' dir='ltr'><strong>bene</strong></span> <span class='ocrx_word' id='word_1_182' title='bbox 1133 3653 1313 3736; x_wconf 87' lang='lat' dir='ltr'><strong>convenit,</strong></span> <span class='ocrx_word' id='word_1_183' title='bbox 1329 3677 1446 3746; x_wconf 90' lang='lat' dir='ltr'><strong>neque</strong></span> <span class='ocrx_word' id='word_1_184' title='bbox 1469 3654 1590 3725; x_wconf 88' lang='lat' dir='ltr'><strong>omitti</strong></span> 
     </span>
     <span class='ocr_line' id='line_1_30' title="bbox 537 3766 1590 3864; baseline 0.006 -29"><span class='ocrx_word' id='word_1_185' title='bbox 537 3775 697 3857; x_wconf 83' lang='lat' dir='ltr'><strong>poteret;</strong></span> <span class='ocrx_word' id='word_1_186' title='bbox 726 3766 869 3837; x_wconf 83' lang='lat' dir='ltr'><strong>venium</strong></span> <span class='ocrx_word' id='word_1_187' title='bbox 901 3768 1020 3859; x_wconf 90' lang='lat' dir='ltr'><strong>potius</strong></span> <span class='ocrx_word' id='word_1_188' title='bbox 1049 3768 1271 3864; x_wconf 80' lang='lat' dir='ltr'><strong>porrigentes</strong></span> <span class='ocrx_word' id='word_1_189' title='bbox 1297 3793 1407 3863; x_wconf 89' lang='lat' dir='ltr'><strong>quam</strong></span> <span class='ocrx_word' id='word_1_190' title='bbox 1434 3771 1590 3841; x_wconf 83' lang='lat' dir='ltr'><strong>laudem.</strong></span> 
     </span>
     <span class='ocr_line' id='line_1_31' title="bbox 537 3882 1520 3981; baseline 0.004 -30"><span class='ocrx_word' id='word_1_191' title='bbox 537 3882 591 3952; x_wconf 87' lang='lat' dir='ltr'><strong>At</strong></span> <span class='ocrx_word' id='word_1_192' title='bbox 607 3903 679 3974; x_wconf 94' lang='lat' dir='ltr'><strong>quo</strong></span> <span class='ocrx_word' id='word_1_193' title='bbox 695 3903 800 3952; x_wconf 89' lang='lat' dir='ltr'><strong>sensu</strong></span> <span class='ocrx_word' id='word_1_194' title='bbox 818 3903 882 3951; x_wconf 89' lang='lat' dir='ltr'><strong>nos</strong></span> <span class='ocrx_word' id='word_1_195' title='bbox 899 3882 960 3953; x_wconf 84' lang='lat' dir='ltr'><strong>illo</strong></span> <span class='ocrx_word' id='word_1_196' title='bbox 977 3884 1061 3977; x_wconf 89' lang='lat' dir='ltr'><strong>equi</strong></span> <span class='ocrx_word' id='word_1_197' title='bbox 1077 3884 1210 3981; x_wconf 81' lang='lat' dir='ltr'><strong>effigies</strong></span> <span class='ocrx_word' id='word_1_198' title='bbox 1227 3908 1314 3957; x_wconf 84' lang='lat' dir='ltr'><strong>mox</strong></span> <span class='ocrx_word' id='word_1_199' title='bbox 1331 3886 1520 3978; x_wconf 86' lang='lat' dir='ltr'><strong>percellit?</strong></span> 
     </span>
    </p>
   </div>
   <div class='ocr_carea' id='block_1_8' title="bbox 624 4024 1360 4218">
    <p class='ocr_par' dir='ltr' id='par_1_8' title="bbox 624 4024 1360 4218">
     <span class='ocr_line' id='line_1_32' title="bbox 624 4024 1343 4116; baseline -0.001 -23"><span class='ocrx_word' id='word_1_200' title='bbox 624 4025 786 4093; x_wconf 86' lang='lat' dir='ltr'><strong>Continuo</strong></span> <span class='ocrx_word' id='word_1_201' title='bbox 800 4024 921 4113; x_wconf 86' lang='lat' dir='ltr'><strong>pecoris</strong></span> <span class='ocrx_word' id='word_1_202' title='bbox 934 4028 1076 4113; x_wconf 81' lang='lat' dir='ltr'><strong>generosi</strong></span> <span class='ocrx_word' id='word_1_203' title='bbox 1090 4028 1198 4116; x_wconf 85' lang='lat' dir='ltr'><strong>pullus</strong></span> <span class='ocrx_word' id='word_1_204' title='bbox 1212 4028 1245 4092; x_wconf 94' lang='lat' dir='ltr'><strong>in</strong></span> <span class='ocrx_word' id='word_1_205' title='bbox 1259 4028 1343 4093; x_wconf 83' lang='lat' dir='ltr'><strong>ervis</strong></span> 
     </span>
     <span class='ocr_line' id='line_1_33' title="bbox 624 4126 1360 4218; baseline 0.001 -25"><span class='ocrx_word' id='word_1_206' title='bbox 624 4126 733 4193; x_wconf 88' lang='lat' dir='ltr'><strong>Altius</strong></span> <span class='ocrx_word' id='word_1_207' title='bbox 747 4127 935 4216; x_wconf 80' lang='lat' dir='ltr'><strong>ingreditur,</strong></span> <span class='ocrx_word' id='word_1_208' title='bbox 952 4142 982 4194; x_wconf 87' lang='lat' dir='ltr'><strong>et</strong></span> <span class='ocrx_word' id='word_1_209' title='bbox 998 4129 1104 4195; x_wconf 81' lang='lat' dir='ltr'><strong>mollin</strong></span> <span class='ocrx_word' id='word_1_210' title='bbox 1118 4154 1212 4195; x_wconf 79' lang='lat' dir='ltr'><strong>crure</strong></span> <span class='ocrx_word' id='word_1_211' title='bbox 1225 4130 1360 4218; x_wconf 87' lang='lat' dir='ltr'><strong>reponit.</strong></span> 
     </span>
    </p>
   </div>
   <div class='ocr_carea' id='block_1_9' title="bbox 537 4233 1589 4465">
    <p class='ocr_par' dir='ltr' id='par_1_9' title="bbox 537 4233 1589 4465">
     <span class='ocr_line' id='line_1_34' title="bbox 1257 4233 1546 4302; baseline 0.007 -5"><span class='ocrx_word' id='word_1_212' title='bbox 1257 4233 1392 4298; x_wconf 75' lang='lat' dir='ltr'><strong>Gnoso.</strong></span> <span class='ocrx_word' id='word_1_213' title='bbox 1407 4235 1477 4299; x_wconf 89' lang='lat'><strong>111.</strong></span> <span class='ocrx_word' id='word_1_214' title='bbox 1491 4236 1546 4302; x_wconf 78' lang='lat'><strong>75.</strong></span> 
     </span>
     <span class='ocr_line' id='line_1_35' title="bbox 537 4368 1589 4465; baseline 0.008 -26"><span class='ocrx_word' id='word_1_215' title='bbox 537 4368 709 4441; x_wconf 85' lang='lat' dir='ltr'><strong>Consulto</strong></span> <span class='ocrx_word' id='word_1_216' title='bbox 739 4369 893 4443; x_wconf 88' lang='lat' dir='ltr'><strong>celebres</strong></span> <span class='ocrx_word' id='word_1_217' title='bbox 923 4371 1096 4462; x_wconf 79' lang='lat' dir='ltr'><strong>quosdam</strong></span> <span class='ocrx_word' id='word_1_218' title='bbox 1122 4383 1160 4443; x_wconf 89' lang='lat' dir='ltr'><strong>et</strong></span> <span class='ocrx_word' id='word_1_219' title='bbox 1185 4374 1441 4465; x_wconf 83' lang='lat' dir='ltr'><strong>pulcherrimos</strong></span> <span class='ocrx_word' id='word_1_220' title='bbox 1466 4398 1589 4447; x_wconf 84' lang='lat' dir='ltr'><strong>versus</strong></span> 
     </span>
    </p>
   </div>
   <div class='ocr_carea' id='block_1_10' title="bbox 0 0 1784 5575">
    <p class='ocr_par' dir='ltr' id='par_1_10' title="bbox 0 0 1784 5575">
     <span class='ocr_line' id='line_1_36' title="bbox 0 0 1784 5575; baseline 0 1"><span class='ocrx_word' id='word_1_221' title='bbox 0 0 1784 5575; x_wconf 95' lang='lat' dir='ltr'><strong> </strong></span> 
     </span>
    </p>
   </div>
  </div>
 </body>
</html>
