3559 5575
522 158 750 227 Pam..
778 159 902 225 vl.
1174 161 1326 225 DE‘
1353 158 1971 225 IMITATIONE.
2540 160 2625 229 'n

696 331 986 411 Etanna,
1013 330 1173 418 τῇὶῐίν
1198 353 1265 393 τι
1291 330 1588 396 θαλάσσια
1613 330 1762 418 Ῐργα
1790 330 2066 413 μέμηλεν.

690 437 774 497 Ἡ
803 434 848 497 δ’
876 434 1052 496 αὐτοῦ
1078 431 1386 496 τετάνυστο
1413 433 1536 519 npl
1564 435 1788 508 σπίους
1815 435 2152 520 γλαφυροῖο,

688 539 843 618 'Hp-e
843 536 925 623 ρὶς
953 533 1286 615 ἡβῶωσαμτ
1287 535 1462 612 εθῆλει
1491 535 1547 597 δί
1522 537 1925 620 εσταφυλῇσι·

694 642 903 722 Κρῆνια
934 634 1582 723 δ’ἆξείηςπίένσυριςρο
1609 635 1769 700 ὕδατι
1798 641 2010 722 λευκῷ,

696 947 941 1021 Θῆλεον·
1647 888 1667 919 ’
2036 943 2285 1007 Onna.
2319 946 2396 1008 Ε.
2427 941 2540 1008 60.

624 1146 1061 1240 Quanqum
1113 1145 1439 1217 animum
1489 1144 1775 1218 lectoris
1824 1147 2222 1239 permulcet
2269 1145 2633 1219 uberrima

520 1263 648 1334 illa
679 1285 920 1334 rerum
952 1261 1523 1358 gratissimarum
1557 1261 1786 1354 copia,
1817 1272 2065 1333 tamen
2100 1260 2282 1332 nihil
2315 1263 2432 1334 bic
2462 1273 2636 1335 ante

517 1381 763 1450 oculos
806 1378 1233 1472 explicatur,
1271 1377 1453 1448 nihil
1501 1400 1635 1449 suo
1682 1378 1841 1448 loeo
1883 1388 1961 1449 et
2005 1376 2279 1464 ordine,
2324 1387 2410 1449 ut
2457 1376 2635 1472 quid

522 1495 619 1568 sit
675 1495 1118 1589 praeeipuum
1184 1494 1362 1589 quid
1426 1493 1822 1566 secundum
1879 1494 2390 1590 intelligamus,
2445 1495 2632 1567 nihil

523 1612 833 1708 denique
864 1636 1114 1686 eorum
1146 1634 1311 1706 quae
1345 1611 1421 1684 in
1456 1611 1755 1705 picturis
1772 1633 2130 1708 par-erga
2154 1622 2436 1697 vocant,
2461 1636 2630 1706 quae

521 1729 907 1823 praecipuae
948 1729 1053 1801 rei
1097 1728 1448 1800 inhaerere
1492 1728 1679 1800 sicut
1712 1730 2036 1801 membra
2073 1729 2374 1821 corpori,
2408 1740 2485 1801 et
2518 1738 2631 1800 ta-

519 1848 767 1919 bulam
799 1848 1088 1940 explere
1133 1846 1384 1918 solent.
1485 1845 1672 1928 Quae
1721 1845 1964 1916 omnia
2011 1845 2090 1917 in
2142 1847 2367 1916 altero
2415 1847 2629 1938 plane

523 1965 832 2035 elucent.

628 2079 759 2148 Ex
791 2076 1104 2148 millibus
1137 2075 1517 2147 Claudiani
1547 2076 1831 2147 delectu
1867 2074 2126 2170 digniS,
2161 2075 2336 2146 dum
2377 2075 2455 2146 in
2496 2077 2634 2146 bac

532 2193 929 2288 quaestione
946 2214 1337 2278 versamur,
1362 2214 1590 2261 unum
1616 2202 1744 2261 aut
1768 2189 2073 2261 alterum
2103 2191 2435 2286 adJiciam
2469 2215 2634 2284 quae

528 2309 888 2404 picturam
946 2308 1238 2380 omnino
1292 2306 1602 2400 sapiunt.
1703 2305 1792 2382 Iu
1845 2306 2255 2378 dulcissimo
2304 2319 2634 2403 poemate

528 2426 622 2498 de
657 2424 954 2519 Nuptiis
991 2423 1296 2497 Honorii
1330 2433 1408 2497 et
1441 2422 1719 2508 Mariae,
1747 2423 2064 2495 Matrem
2097 2448 2300 2496 suam
2333 2426 2632 2499 accersit

529 2543 833 2636 Cupido,
867 2543 1239 2615 obsecrans
1284 2551 1369 2613 ut
1400 2541 1647 2612 adesse
1693 2540 2035 2636 dignetur
2076 2541 2300 2628 festis,
2332 2553 2410 2614 et
2445 2543 2630 2616 votis

529 2669 821 2732 annuat.
922 2659 1203 2730 Omitto
1237 2656 1610 2751 Cupidinis
1644 2656 1972 2742 volantis,
2006 2657 2309 2730 Veneris
2354 2682 2399 2729 a
2447 2659 2632 2731 Gra-

529 2776 649 2851 tiis
682 2785 976 2859 omatae,
1001 2774 1315 2869 aliasque
1347 2773 1632 2870 egregie
1665 2773 1934 2847 effictas
1967 2773 2359 2871 imagines;
2390 2775 2629 2848 Deam

531 2904 773 2964 autem
803 2890 1217 2983 triumphali
1254 2891 1554 2962 Tritone
1589 2914 1717 2982 per
1759 2914 2053 2983 aequora
2098 2890 2459 2962 invectam
2504 2894 2633 2964 ad-

532 3007 840 3080 mirabili
891 3016 1043 3078 arte
1090 3006 1483 3099 expressit,
1463 3030 1479 3047 ·
1531 3006 1660 3077 sed
1707 3007 1816 3078 ita
1861 3016 2104 3077 tamen
2151 3008 2503 3098 expressit
2545 3018 2633 3080 ut

531 3134 886 3220 quantum
918 3122 1175 3194 debeat
1206 3121 1595 3214 pictoribus
1624 3144 2080 3213 nequaquam
2112 3123 2359 3192 lateat.

1481 3231 1784 3318 Prorupit
1809 3231 2064 3318 gurgite
2093 3246 2313 3297 torvus

707 3302 1008 3403 Semifer.
1057 3334 1283 3400 undosi
1316 3334 1645 3399 verrebant
1671 3333 1927 3398 brachia
1951 3334 2169 3400 crines.

708 3440 986 3528 Hispida
1009 3438 1310 3505 tendebat
1335 3436 1533 3503 bifido
1559 3437 1823 3525 vestigia
1848 3460 2067 3518 cornu,

707 3546 853 3621 Qua
877 3542 1088 3630 pristis
1114 3541 1439 3607 commissa
1467 3540 1639 3606 viro:
1688 3555 1785 3607 ter
1811 3557 2066 3631 pectora
2093 3542 2325 3618 movit;

706 3648 857 3711 Jam
887 3659 1115 3733 quarto
1143 3645 1420 3732 Paphias
1448 3657 1652 3709 tractu
1684 3643 1966 3709 sulcabat
1992 3668 2250 3721 ιιι-ρους

706 3749 1102 3814 Umbratura
1129 3748 1333 3813 Deam
1358 3760 1529 3813 retro
1555 3747 1843 3813 sinuatur
1870 3748 1937 3813 in
1965 3772 2183 3814 arcum

710 3849 966 3916 Bellua:
1011 3865 1151 3917 tum
1181 3850 1328 3916 vivo
1355 3850 1706 3938 squalentia
1732 3852 1971 3917 murice
2000 3866 2181 3939 terga

711 3954 1058 4040 Purpureis
1083 3953 1323 4019 mollita
1351 3953 1537 4020 toris:
1580 3954 1702 4019 boc
1729 3955 1986 4043 navigat
2011 3968 2186 4019 ostro

709 4054 905 4123 fulta
933 4059 1182 4122 Venus:
1231 4057 1428 4122 niveoe
1456 4056 1736 4123 delibant
1763 4081 2023 4145 aequora
2048 4056 2309 4145 plantae.
