3559 5575
409 103 634 167 Pam..
668 96 983 163 XXXV.
1119 96 1249 160 DE
1297 93 1887 160 PHANTASIA.
2395 96 2527 162 457

407 295 671 367 nempe
704 270 1114 344 hominibus
1149 267 1513 340 fortunam
1548 268 1891 340 mediocri
1922 290 2076 340 esse
2120 266 2528 361 periculosi-

407 413 635 473 orem,
669 386 915 482 ecquis
963 385 1218 456 melius
1253 385 1454 457 videt
1494 394 1622 456 aut
1655 384 1951 480 cogitat,
1984 385 2311 457 adductis
2363 408 2529 479 quae

410 515 819 601 sequuntur
852 503 946 573 ab
977 500 1293 573 Arabico
1327 510 1539 593 poeta
1571 499 2004 596 imaginibus
2024 500 2062 570 ?

499 620 733 683 Annon
767 613 944 680 vides
970 636 1144 678 mare
1170 612 1235 677 in
1264 612 1450 700 cujus
1480 613 1809 700 superficie
1837 613 2132 677 feruntur
2158 611 2467 678 cadavera
2482 617 2512 678 ἓ

503 721 593 784 At
620 716 900 783 resident
926 730 1212 779 extremo
1240 713 1307 778 in
1334 713 1540 778 fundo
1568 715 1944 801 margarita».

504 823 681 900 Quot
707 830 855 884 sunt
885 817 949 881 in
980 832 1150 881 terra
1175 816 1431 882 arbores
1456 839 1603 881 cum
1632 815 1866 882 virides
1894 832 2032 883 tum
2059 817 2253 882 aridoe
2271 821 2301 880 ?

504 926 595 988 At
623 920 942 1010 lapidibus
970 918 1163 984 nullae
1190 933 1521 1007 petuntur,
1549 919 1668 983 nisi
1698 943 1846 1009 quae
1874 920 2122 985 fructus
2148 920 2440 986 afferam:

506 1025 591 1088 In
622 1019 783 1087 coelo
809 1034 1025 1085 autem
1056 1019 1260 1085 sidera
1288 1034 1436 1085 sunt
1462 1019 1833 1096 innumera;
2190 1048 2200 1055 -

510 1124 638 1194 Sed
666 1123 987 1189 defectum
1016 1146 1143 1187 non
1173 1121 1505 1214 patiuntur
1533 1138 1763 1210 proeter
1793 1123 1985 1188 solem
2014 1146 2088 1188 ac
2115 1122 2355 1189 lunam.

1371 1227 1588 1291 Pon'r.
1618 1228 1858 1291 Asui‘r.
1893 1229 2134 1292 Coun.
2163 1249 2303 1314 cap.
2337 1229 2443 1291 14.

523 1332 736 1405 Adeo
767 1332 885 1404 vel
916 1331 994 1401 in
1028 1331 1311 1402 levioris
1346 1332 1693 1403 momenti
1725 1334 1937 1404 rebus
1970 1356 2220 1404 cavere
2253 1341 2536 1424 oporte-

423 1448 556 1532 bit,
588 1459 676 1519 ut
707 1472 752 1519 a
784 1447 1065 1519 ratione
1098 1447 1385 1539 penitus
1419 1448 1868 1520 discedatur:
1921 1471 2089 1520 nam
2133 1447 2303 1519 licet
2341 1443 2536 1517 acci-

424 1557 686 1632 dentia
737 1583 980 1648 rerum
1034 1583 1178 1631 non
1234 1561 1568 1632 intimam
1623 1573 1959 1634 naturam
2013 1574 2090 1634 et
2142 1558 2536 1632 essentiam

427 1686 772 1771 sequatur
795 1676 1048 1770 poesis,
1074 1687 1318 1748 tamen
1355 1677 1843 1749 accidentibus
1876 1678 2071 1750 hisce
2096 1701 2338 1750 veram
2374 1679 2539 1749 sub-

427 1815 584 1865 esse
615 1792 775 1863 vult
808 1790 1235 1887 analogiam,
1269 1791 1423 1863 sine
1454 1815 1600 1885 qua
1630 1792 1727 1865 ad
1770 1791 2075 1863 nihilum
2121 1792 2311 1864 redit
2343 1792 2539 1863 simi-

428 1908 686 1981 litudo.

530 2025 651 2098 Ne
683 2047 855 2097 vero
887 2023 1321 2096 acerbiorem
1356 2046 1567 2117 aequo
1598 2024 1690 2095 de
1733 2023 1847 2096 his
1892 2023 2323 2096 sententiam
2365 2025 2540 2096 ferri

429 2139 593 2235 quis
626 2139 940 2235 objiciat,
966 2139 1263 2211 minime
1288 2139 1763 2211 necessarium
1790 2139 2097 2211 dixerim
2126 2140 2307 2210 utin
2342 2140 2541 2211 omni

431 2267 638 2351 parte
670 2278 987 2351 congrua
1021 2256 1116 2326 sit
1148 2254 1630 2348 comparatio:
1683 2279 1854 2326 nam
1901 2256 1963 2327 si
2007 2256 2103 2327 ad
2133 2279 2286 2327 rem
2319 2256 2540 2328 faciat

432 2372 667 2465 prima
704 2373 859 2464 ejus
894 2371 1010 2441 vel
1051 2369 1415 2463 praecipua
1461 2392 1648 2463 para,
1693 2369 1903 2441 facile
1951 2370 2092 2441 alia
2140 2371 2541 2464 phantasiae

435 2487 958 2580 permulcendae
1016 2509 1232 2557 causa
1279 2485 1681 2556 redundare
1730 2486 2069 2579 patimur.
2172 2487 2542 2581 Frequens

437 2604 513 2675 in
541 2605 677 2674 hoc
710 2600 1012 2673 artificio
1045 2613 1157 2673 est
1182 2602 1496 2695 optimus
1530 2602 1853 2696 quisque,
1878 2624 2045 2673 cum
2069 2603 2360 2686 vetusti,
2385 2613 2544 2675 tum

437 2720 656 2795 etiam
692 2717 1010 2791 cultioris
1045 2716 1185 2790 aevi
1209 2728 1462 2812 poeta;
1496 2741 1778 2812 nempe,
1801 2728 1884 2790 ut
1910 2718 2296 2814 imaginem
2325 2720 2546 2791 semel

437 2838 828 2910 adductam
892 2835 1123 2906 fusius
1188 2844 1680 2928 persequatur,
1740 2844 2249 2927 recenseatque
2313 2838 2544 2907 multa

438 2979 604 3049 quae
638 2977 805 3026 cum
838 2951 1199 3045 praecipua
1233 2975 1311 3022 re
1345 2950 1527 3021 nihil
1561 2973 1939 3023 commune
1973 2952 2262 3022 habent.

544 3068 857 3163 Insignis
905 3069 982 3139 in
1033 3068 1170 3138 hoc
1218 3090 1481 3162 genere
1525 3078 1635 3139 est
1671 3066 1970 3137 Hebraei
2002 3066 2185 3139 vatis
2224 3068 2420 3138 locus
2454 3067 2546 3140 de

440 3184 819 3258 concordia
866 3184 1207 3269 fraterna,
1256 3183 1621 3278 eleganter
1677 3180 2067 3253 admodum
2120 3205 2163 3253 a
2211 3182 2547 3255 Lowthio

440 3301 706 3374 Latine
741 3323 1005 3371 versus.

619 3463 677 3524 Ο
707 3458 892 3524 dulce
910 3457 1434 3545 jucundumque!
1486 3455 1854 3521 Tribulium

620 3564 810 3626 Coetu
840 3561 904 3625 in
934 3559 1250 3648 frequenti
1282 3573 1507 3625 mutua
1535 3558 1794 3625 caritas!

705 3665 765 3729 Ο
794 3663 985 3729 corda
1010 3663 1124 3750 qui
1151 3662 1429 3728 fraterna
1455 3662 1627 3727 nodo

790 3768 833 3833 J
838 3766 1023 3853 ungit
1049 3788 1227 3830 amor
1255 3781 1573 3832 metuente
1602 3765 1796 3831 solvi!

622 3871 769 3934 Non
797 3892 955 3935 aura
981 3868 1163 3934 nardi
1193 3869 1443 3934 suavior
1468 3883 1735 3957 occupat

625 3974 879 4053 Sensus,
908 3994 1055 4060 quae
1082 3973 1323 4037 Amnis
1352 3973 1580 4036 vertice
1608 3972 1684 4036 de
1709 3994 1893 4037 sacro
