3559 5575
480 587 522 648 18
729 581 1018 650 PRAELECTIO
1042 581 1276 648 SECUNDA.

476 757 535 842 tit,
548 755 746 850 absumptis
763 757 864 850 quasi
882 767 920 828 et
934 757 1119 830 exhaustis
1135 766 1279 827 naturae
1289 755 1413 849 copiis
1438 758 1532 840 Quae

476 895 582 966 porro
612 874 733 946 omnia
762 883 865 945 tanta
896 883 975 944 arto
999 872 1187 966 disposuit,
1212 882 1321 965 atque
1350 871 1390 942 in
1416 892 1531 945 unum

476 987 669 1086 compegit,
696 1002 738 1061 ut
762 1011 940 1083 nusquam
968 989 1191 1062 distrahatur
1214 1010 1328 1074 mens,
1353 1011 1531 1082 nusquam

476 1106 705 1200 languescat3
732 1105 806 1188 sed,
824 1105 898 1176 sive
915 1116 1126 1199 perpetuam
1142 1104 1307 1176 ineamus
1328 1104 1531 1188 lectionem,

477 1215 607 1291 sivein
624 1221 765 1292 diversa
784 1223 862 1293 loca
884 1220 1095 1303 incidamus,
1112 1241 1255 1311 semper
1276 1217 1412 1312 aliquid
1434 1219 1531 1312 quod

477 1334 650 1408 miremur
665 1347 703 1410 et
720 1362 743 1410 a
759 1359 831 1432 quo
848 1338 1068 1409 delectemur
1082 1335 1285 1431 legentibus
1301 1343 1478 1406 aecumst.

527 1449 635 1525 Unde
652 1477 723 1527 non
735 1453 868 1550 injuria
881 1453 1017 1525 iactum
1032 1462 1098 1535 est,
1111 1451 1316 1523 universam
1328 1451 1404 1522 lere
1416 1451 1530 1523 homi·

476 1587 564 1639 num
581 1593 704 1642 rocem
723 1571 883 1643 Homero
899 1569 1033 1662 primm
1050 1567 1231 1650 detulisse,
1248 1576 1358 1660 atque
1375 1567 1423 1638 ad
1445 1589 1528 1638 eum

475 1685 673 1778 respexisse
683 1687 844 1758 omnium
857 1695 1010 1756 aetatum
1023 1693 1183 1776 posteros
1192 1692 1365 1775 tanquam
1377 1682 1528 1754 Poeseos

475 1813 674 1890 parentem,
691 1804 916 1896 eundemque
935 1799 1094 1872 Poeticae
1110 1797 1212 1871 Artis
1228 1801 1346 1895 legem
1362 1796 1471 1869 simul
1491 1807 1528 1869 et

474 1925 586 2006 caput
611 1927 650 1988 et
671 1919 865 2010 exemplar.
916 1917 1037 1999 Quam
1061 1915 1206 2008 quidem
1232 1914 1436 2008 opinionem
1463 1915 1529 1985 mi·

477 2027 575 2101 nima
592 2031 672 2102 volo
688 2031 725 2102 in
743 2028 1022 2104 controversiam
1039 2051 1177 2102 vocare.
1216 2028 1335 2103 lmmo
1351 2035 1528 2124 quatenus

477 2145 655 2218 affirment
679 2147 717 2218 in
747 2149 816 2219 hoc
844 2147 960 2219 inesse
989 2146 1155 2239 exempla
1182 2143 1345 2218 omnium
1373 2167 1458 2239 quas
1481 2145 1529 2216 ad

476 2281 598 2331 varam
616 2262 750 2354 poesim
768 2273 944 2356 spectant,
957 2286 1080 2334 eorum
1098 2261 1288 2334 sententie
1305 2283 1376 2333 nou
1392 2259 1527 2334 inritus

476 2377 617 2448 accedo.
644 2377 705 2449 Sin
721 2389 842 2451 autem
856 2403 899 2450 eo
915 2364 992 2472 ipso
1005 2378 1102 2473 quod
1116 2378 1316 2449 Homerum
1330 2378 1528 2449 Auctorem

475 2492 672 2584 praeferunt
683 2496 831 2586 pulchra
843 2519 920 2566 esse
932 2506 1040 2589 atque
1049 2493 1226 2564 imitanda
1235 2503 1405 2565 censeant
1417 2492 1529 2586 (quod

475 2619 622 2680 censent
637 2609 786 2682 fortasse
802 2613 922 2704 plures
939 2632 1048 2704 quam
1065 2609 1224 2701 profiteri
1236 2608 1378 2702 volunt)
1395 2607 1528 2680 absisto

474 2734 593 2796 totus:
620 2725 729 2810 Quin,
746 2727 802 2799 uti
818 2749 932 2820 spero,
950 2749 1036 2798 mox
1059 2745 1138 2797 sum
1163 2733 1437 2808 monstraturus,
1453 2747 1529 2796 om·

474 2840 537 2911 nia
553 2843 629 2911 haec
641 2864 722 2934 quae
738 2866 845 2935 supra
862 2864 911 2913 ex
926 2843 1050 2912 divino
1065 2850 1232 2934 poemate
1246 2840 1436 2912 attulimus
1448 2850 1528 2913 tan·

475 2978 584 3048 quam
610 2956 744 3026 eximia
766 2957 852 3028 artis
875 2958 1090 3029 documenta
1106 2969 1143 3029 et
1160 2957 1339 3051 reliquum
1356 2956 1528 3050 quicquid

475 3082 531 3142 est
550 3072 647 3164 apud
668 3071 799 3143 Poetns
824 3072 980 3144 melioris
1004 3084 1103 3145 notae
1127 3096 1171 3145 ac
1194 3072 1332 3156 coloris,
1357 3073 1404 3144 ad
1429 3081 1528 3145 certa

475 3187 641 3279 quaedam
659 3198 799 3260 naturae
822 3190 992 3261 humanae
1015 3189 1192 3283 principia
1212 3198 1310 3261 recte
1334 3188 1472 3277 referri,
1487 3188 1526 3259 in

475 3302 604 3394 quibus
621 3304 674 3374 vis
691 3304 806 3375 omnis
823 3329 866 3377 ac
882 3306 1034 3377 facultas
1052 3305 1199 3377 Poetiea
1215 3305 1400 3377 fundatur.

525 3420 607 3501 Qua
634 3419 672 3489 in
698 3420 929 3515 inquisitione
953 3422 1027 3492 duo
1051 3420 1231 3515 praecipue
1256 3430 1342 3492 sunt
1366 3421 1527 3492 vitanda,

474 3534 642 3631 Namque
658 3537 833 3631 imprimis
849 3536 880 3610 si
896 3536 1024 3610 divisio
1040 3538 1153 3610 totius
1169 3537 1208 3607 in
1230 3547 1350 3629 partes
1371 3536 1526 3608 nimium

474 3652 519 3723 sit
538 3654 739 3747 multiplex,
755 3655 830 3748 ipsa
848 3655 986 3727 utilitas
1002 3654 1186 3727 dividendi
1203 3654 1347 3725 videtur
1363 3654 1462 3726 tolli:
1487 3664 1526 3727 et

474 3770 585 3841 satius
608 3786 672 3842 aut
690 3780 785 3841 certe
802 3771 980 3843 tantidem
997 3771 1078 3859 erit,
1095 3771 1226 3843 omhsa
1247 3772 1316 3841 hac
1339 3770 1527 3863 disciplina

474 3908 547 3978 qua
572 3885 778 3978 Philosophi
804 3896 969 3970 utuntur,
985 3887 1081 3979 ipsas
1102 3878 1300 3959 carminum
1320 3897 1526 3961 venustates

474 4010 580 4093 prout
615 4000 715 4073 nobis
748 4003 949 4098 legentibus
982 4003 1179 4075 obveniunt
1208 4004 1374 4099 colligere
1408 4005 1526 4076 obser·

474 4118 603 4201 vando,
621 4128 658 4189 et
675 4118 750 4190 sine
767 4120 893 4193 ordine
913 4119 951 4190 in
976 4120 1184 4192 memoriam
1207 4121 1255 4191 ad
1276 4132 1418 4192 nostros
1441 4140 1527 4192 usus

473 4235 675 4307 transferre.
711 4236 877 4308 Alterum
895 4246 1017 4309 autem
1034 4260 1101 4308 nec
1119 4237 1248 4320 minus,
1266 4246 1308 4308 ut
1325 4235 1415 4307 mihi
1428 4236 1527 4309 ride·

473 4360 544 4435 tur,
559 4351 687 4422 vitium
700 4362 754 4423 est
766 4350 921 4436 illorum,
934 4352 996 4447 qui
1009 4377 1082 4425 una
1099 4352 1220 4447 aliqua
1231 4352 1432 4425 venustatis
1447 4376 1527 4446 spe-

473 4468 527 4542 cie
551 4468 692 4541 deliniti
717 4492 796 4541 eam
822 4468 919 4541 illico
943 4468 1011 4541 sihi
1035 4470 1211 4565 delegere,
1228 4480 1266 4542 et
1281 4470 1527 4564 quasiveram
