3559 5575
427 163 492 228 104
796 158 918 224 PARS
941 157 1103 223 PRIMA
1271 158 1386 223 Post.
1404 157 1490 223 VII.

427 335 545 408 Italici
562 333 750 430 ingenium
767 342 945 426 quantum
962 332 1008 403 ab
1019 341 1175 426 utroque
1186 330 1298 404 distet
1310 331 1416 403 facile
1433 331 1493 402 in·

429 452 616 548 telligitur,

516 585 607 651 Telis
622 583 678 649 ubi
693 585 809 671 AEgoeo
824 596 974 670 surgente
987 582 1029 647 od
1044 582 1149 647 sidem
1161 597 1261 670 ponto

517 690 581 753 Per
595 687 726 774 longum
743 699 832 750 vasto
848 685 924 750 Cori
937 709 1010 750 cum
1025 707 1189 750 murmure
1202 685 1321 750 fluctus

521 793 716 878 Suspensum
731 788 764 852 in
779 801 877 853 terres
891 802 998 875 portat
1012 810 1109 868 mare,
1124 787 1242 876 frigido
1253 787 1359 852 nautis

518 891 625 958 Corda
639 881 796 956 tremunt:
813 902 903 954 sonst
916 889 969 954 ille
983 889 1106 977 procul,
1122 889 1266 976 flatuque
1281 905 1460 956 tumescens

518 993 667 1060 Curvstis
680 990 811 1080 pavidas
825 991 1009 1057 transmittit
1024 990 1180 1079 Cycladas
1194 990 1300 1055 undis.

1184 1095 1307 1158 Punic.
1323 1094 1352 1158 1.
1368 1093 1445 1160 468.

433 1249 626 1323 Mittomus
642 1271 740 1322 nunc
756 1247 855 1343 quod
870 1248 960 1318 falso
972 1256 1121 1320 ventum
1139 1257 1264 1341 operto
1276 1271 1421 1342 aequore
1432 1271 1489 1319 so-

432 1391 519 1439 nare
536 1367 734 1460 ais-quod
759 1375 782 1407 ‘⁴
792 1371 910 1461 ponto
931 1363 979 1435 od
999 1363 1116 1436 sidera
1132 1366 1321 1460 surgente”
1337 1383 1443 1434 more
1465 1386 1490 1434 s

419 1479 546 1575 fluctu
573 1491 737 1574 portatur
747 1480 906 1573 -quod
933 1489 1057 1550 nautae
1085 1479 1162 1550 sine
1191 1502 1300 1552 causa
1327 1487 1488 1552 tremunt

434 1597 547 1668 fluctu
578 1597 625 1668 ad
654 1607 768 1668 terras
792 1595 1185 1688 provoluto-pessime
1211 1604 1337 1667 sutem
1364 1595 1403 1666 in
1432 1595 1487 1668 lu's

434 1713 554 1805 lapsus
577 1723 643 1800 est,
660 1719 683 1754 “
692 1721 796 1784 sonat
811 1711 872 1784 ille
888 1707 1058 1806 procul,”
1074 1734 1189 1805 quum
1203 1721 1332 1784 contm
1347 1710 1488 1784 silentio

434 1828 555 1922 potius
571 1853 620 1901 ex
634 1831 708 1900 alto
729 1851 766 1900 se
789 1836 998 1921 promoveat
1014 1827 1158 1913 fluctus,
1174 1850 1292 1922 neque
1313 1826 1412 1920 prius
1434 1849 1488 1900 so·

435 1943 555 2016 nitum
571 1945 666 2028 edat,
682 1944 740 2015 uti
758 1945 849 2016 bene
874 1941 977 2015 novit
993 1941 1180 2038 Virgilius,
1195 1965 1305 2037 quam
1329 1943 1378 2016 od
1401 1965 1489 2016 saxo

436 2072 501 2133 sut
517 2061 619 2133 littus
636 2059 832 2154 perveniat.

485 2177 610 2249 Unum
637 2179 755 2250 adhuc
779 2173 889 2248 Statii
911 2173 1025 2268 (quod
1046 2198 1069 2245 o
1093 2174 1238 2246 nemine
1263 2175 1488 2250 observatum

436 2291 557 2386 video)
576 2294 734 2364 maxime
750 2291 836 2364 huic
852 2291 988 2386 regulae
1004 2290 1172 2363 occurrit.
1207 2289 1278 2364 Est
1293 2290 1332 2361 in
1348 2291 1489 2387 elegen·

436 2406 573 2478 tissima
589 2407 652 2478 illa
668 2407 715 2477 ad
731 2407 905 2478 Somnum
922 2406 1078 2498 querele.

524 2564 662 2630 Crimine
674 2588 741 2652 quo
755 2565 856 2629 merui
866 2565 1005 2653 juvenis,
1019 2566 1229 2654 placidissime
1241 2567 1365 2648 divum,
1393 2587 1397 2594 ·

524 2671 636 2746 Quove
650 2689 754 2732 errore
769 2666 872 2746 miser,
887 2667 979 2733 donis
993 2682 1031 2733 ut
1045 2669 1130 2734 solus
1144 2692 1281 2757 egerem,

525 2772 651 2850 Somne,
666 2767 750 2834 tuis?
774 2781 856 2835 tsoet
869 2793 963 2835 omne
976 2794 1084 2858 pecus,
1099 2771 1316 2859 volucresque,
1331 2771 1481 2859 ferisque,

526 2874 573 2938 Et
587 2872 736 2937 simulant
750 2872 847 2937 fessos
860 2888 992 2938 curvato
1004 2873 1168 2938 mcumins
1181 2896 1317 2938 somnos.

524 2976 594 3041 Nec
609 2976 874 3063 tmcibusfluuiis
888 2976 972 3040 idem
984 2994 1103 3041 sonus:
1123 2975 1238 3041 occidit
1250 2975 1362 3040 horror

526 3078 687 3167 AEquoris,
702 3092 735 3143 et
750 3076 840 3145 terris
854 3077 953 3142 maris
965 3074 1116 3141 acclinata
1129 3075 1307 3163 quiescunt.

1243 3180 1447 3244 &mli

440 3336 627 3428 Proposito
643 3336 762 3406 forsan
780 3345 898 3427 poetae
914 3324 1042 3407 melius
1059 3336 1266 3409 conveniret
1282 3335 1395 3409 tacita
1414 3357 1492 3409 esse

439 3450 570 3533 omnia,
588 3459 625 3521 et
642 3449 785 3544 quieta:
812 3450 875 3520 sed
891 3451 930 3521 in
953 3451 1148 3544 tranquilla
1171 3462 1277 3524 nocte
1301 3452 1493 3525 fluviorum

439 3574 537 3637 certe
552 3572 707 3658 augetur
724 3585 842 3650 sonus,
858 3586 930 3636 non
948 3564 1135 3637 minuitur.

490 3680 552 3750 Ex
569 3678 613 3749 iis
629 3688 751 3750 sutem
768 3679 942 3772 exemplis
958 3704 1041 3774 quae
1057 3683 1130 3753 late
1144 3704 1266 3774 sparso
1277 3704 1341 3774 per
1353 3682 1494 3753 Summi

440 3795 567 3868 critici
588 3818 697 3888 opera
718 3795 841 3866 sedulo
865 3795 904 3866 in
928 3818 1041 3867 unum
1065 3798 1204 3893 collegi,
1227 3797 1313 3869 satis
1339 3796 1495 3893 intelligi

439 3921 558 4006 potest
574 3934 684 4006 quam
701 3918 861 3982 sanctam
877 3912 1002 3983 haberi
1011 3913 1164 3984 voluerit
1176 3913 1415 3987 reverentiam
1430 3936 1495 3985 nn·

440 4038 533 4101 turm
557 4052 599 4100 oc
616 4025 798 4109 veritatis;
827 4036 866 4098 et
881 4037 1059 4119 quantum
1075 4051 1123 4101 ex
1140 4028 1280 4123 poetica
1295 4028 1402 4101 laude
1420 4048 1495 4099 me·
