3559 5575
373 134 605 199 Pur..
638 131 835 197 XVI.
1050 130 1182 196 DE
1228 130 1867 197 AFFECTIBUS.
2374 132 2499 207 221

478 306 621 378 Est
647 314 895 377 autem
928 327 1076 376 non
1109 303 1435 377 absimile
1464 304 1902 397 ineptiarum
1936 326 2190 399 genus,
2215 303 2507 398 quando

374 423 570 494 ultra
603 420 900 494 modum
929 444 1014 493 ac
1037 420 1386 513 pudorem
1412 444 1527 492 res
1552 429 1885 515 augetur,
1905 419 2101 490 unde
2127 418 2505 491 audaciam

378 537 740 610 narrantis
773 537 1021 608 mirari
1055 536 1295 629 potius
1330 536 1547 619 subit,
1580 558 1800 630 quam
1836 557 2088 607 eorum
2129 557 2296 628 quae
2337 556 2504 604 nar-

379 665 496 726 rat
526 654 872 726 misereri.
936 651 1362 747 cujusmodi
1394 662 1507 724 est
1539 661 1958 744 portentum
1991 651 2174 723 illud
2207 649 2503 722 Senecae

381 771 455 842 in
493 769 815 843 Hercule
850 769 1198 854 Furente‚

561 949 947 1016 Pavefactus
973 949 1181 1013 infans
1208 947 1398 1035 igneo
1424 946 1609 1013 vultu
1636 947 1836 1034 patris

567 1051 747 1117 Perit
773 1066 922 1115 ante
945 1050 1215 1115 vulnus:
1265 1049 1558 1138 spiritum
1587 1049 1821 1137 eripuit
1849 1048 2056 1114 timor.

387 1229 497 1307 Et
529 1250 779 1299 rursus
812 1226 890 1297 in
925 1224 1213 1318 OEdipo,

560 1350 764 1414 Deest
792 1360 963 1413 terra
991 1344 1291 1411 tumulis:
1327 1344 1467 1432 jam
1495 1367 1686 1433 rogos
1715 1345 1913 1434 sylvae
1941 1359 2197 1434 negant.

2150 1470 2277 1514 ver.
2308 1451 2416 1514 53.

379 1564 486 1638 Et
518 1560 740 1635 Statii
769 1562 896 1634 illa
925 1585 1091 1657 quae
1123 1584 1253 1655 pro
1287 1559 1640 1633 flebilibus
1672 1560 2082 1659 prodigiosa
2114 1562 2457 1638 reddidit.

563 1736 760 1802 Ibant
786 1737 854 1800 in
881 1735 1211 1825 lacrymas,
1242 1736 1437 1802 veluti
1469 1759 1616 1803 cum
1644 1760 1794 1803 vere
1820 1760 2073 1805 reverso

563 1838 868 1904 Bistoniae
897 1853 1155 1927 tepuere
1182 1837 1380 1917 nives,
1410 1838 1829 1905 summittitur
1855 1839 2081 1927 ingens

567 1941 864 2018 Haemus,
891 1955 958 2005 et
985 1954 1286 2028 angustos
1314 1941 1633 2028 Rhodope
1661 1941 1989 2007 deseendit
2014 1941 2084 2007 in
2111 1964 2345 2007 amnes.

1832 2042 2069 2107 Tun.
2102 2043 2237 2107 XI.
2269 2044 2421 2114 196.

502 2259 792 2332 Minore
839 2259 1078 2332 forsan
1123 2259 1200 2330 in
1249 2261 1460 2352 culpa
1504 2270 1582 2332 at
1613 2259 2044 2355 fugiendum
2084 2258 2375 2332 omnino
2407 2261 2515 2334 vi-

397 2376 587 2447 tium
622 2384 734 2446 est
763 2375 1073 2458 illorum,
1107 2374 1235 2469 qui
1265 2375 1521 2468 putido
1566 2376 1879 2471 quodam
1927 2386 2185 2448 ornatu
2229 2386 2305 2448 et
2336 2398 2513 2469 pue-

396 2490 516 2563 rili
546 2502 891 2586 peccant;
941 2501 1019 2563 et
1042 2490 1216 2562 dum
1249 2490 1527 2587 ingenii
1558 2492 1851 2564 laudem
1885 2501 2358 2585 aucupantur,
2383 2514 2513 2564 na-

397 2618 638 2680 turam
687 2605 1052 2679 deserunt.
1152 2604 1367 2690 Quod
1399 2616 1560 2678 tum
1594 2606 1890 2700 quidem
1922 2606 2027 2690 fit,
2061 2606 2350 2700 quando
2380 2615 2511 2679 aut

399 2721 778 2796 sententiae
826 2721 1240 2794 affectatam
1290 2745 1443 2816 prae
1494 2745 1570 2795 se
1613 2721 1862 2795 ferunt
1907 2721 2511 2797 mollitiem—aut

400 2838 723 2912 oratione
764 2848 1074 2912 utuntur
1111 2837 1442 2923 delicata,
1475 2849 1553 2911 et
1583 2838 1832 2910 nimiae
1866 2838 2512 2912 subtilitatis—aut

399 2954 530 3025 ubi
560 2955 781 3026 verba
812 2954 931 3025 vel
959 2974 1077 3025 res
1108 2953 1315 3047 quasi
1345 2953 1594 3026 dedita
1623 2977 1843 3047 opera
1875 2953 2012 3027 sibi
2049 2954 2360 3028 invicem
2401 2977 2515 3027 re-

402 3068 785 3164 spondent.
1089 3136 1094 3146 ,

506 3185 740 3269 Quale
770 3192 884 3256 est
915 3204 1220 3255 carmen·
1238 3183 1420 3255 illud
1452 3183 1715 3272 Italici,

576 3313 834 3381 Effudit
861 3313 1173 3402 lacrymas
1197 3313 1436 3402 pariter
1462 3335 1859 3402 cornumque
1886 3325 2226 3379 sonantem.
2320 3357 2327 3363 -

1752 3417 2005 3483 Pumc.
2034 3415 2244 3483 XIII.
2276 3419 2422 3485 285.

407 3539 487 3602 et
518 3528 735 3602 Statii
767 3530 860 3602 de
893 3529 1345 3602 adolescente
1376 3528 1778 3615 interfecto,

1099 3658 1513 3746 Moriensque
1532 3658 1847 3745 jacentem

583 3757 815 3824 Flebat
838 3781 1099 3846 equum.
1844 3762 2072 3828 ΤΗΕΒ.
2105 3761 2244 3826 lx.
2273 3760 2423 3829 878.

405 3890 486 3953 et
517 3902 686 3974 quae
729 3879 946 3952 matri
990 3903 1233 3955 rursus
1278 3904 1492 3977 super
1539 3882 1893 3957 infantem
1943 3893 2313 3958 mortuum
2361 3884 2514 3977 plo-

406 3996 600 4092 ranti
634 3994 914 4079 tribuit,

152 5001 2553 5575 -
