3559 5575
536 539 825 608 PRAELECTIO
849 543 1020 608 PRIMA.
1281 547 1305 614 9

247 740 290 788 ac
309 715 429 808 capita
445 737 567 788 rerum
584 716 777 810 aperuerit,
795 739 858 790 vos
874 717 1012 812 optime
1028 716 1190 802 novistis,
1205 716 1303 788 Aca·

247 830 389 914 demici,
414 831 478 927 qui
504 833 723 906 ornatissimi
743 831 812 904 viri
836 833 1035 928 ingenium,
1059 833 1125 927 qui
1150 833 1304 928 copiam,

247 946 310 1039 qui
326 946 571 1042 incorruptam
588 948 725 1048 Latini¹
736 947 910 1020 sermonis
930 947 1191 1044 integritatem,
1207 970 1306 1020 sum·

248 1083 308 1132 mo
324 1062 386 1134 diu
405 1062 443 1134 in
466 1064 601 1136 honore
623 1077 662 1138 et
677 1063 814 1136 deliciis
840 1063 1025 1136 habuistis.
1076 1064 1152 1136 Vos
1175 1062 1304 1135 itidem

247 1201 321 1250 non
346 1181 459 1252 latere
484 1191 615 1273 potest,
637 1204 745 1275 quam
772 1179 925 1252 difficilis
950 1181 998 1253 sit
1019 1204 1077 1252 res
1098 1181 1132 1252 ei
1155 1179 1301 1273 suscipi·

248 1296 354 1379 enda,
370 1296 487 1389 quiin
512 1297 640 1368 iisdem
658 1300 737 1392 jam
753 1307 918 1369 versatur
938 1297 1089 1379 finibus;
1114 1319 1161 1368 ne
1185 1297 1218 1368 si
1241 1319 1306 1389 op-

248 1410 340 1482 tima
365 1435 517 1506 quaque
541 1411 750 1495 insectetur,
761 1411 981 1506 jampridem
1002 1413 1101 1484 dicta
1124 1412 1305 1506 proferut3

249 1540 313 1599 aut
332 1551 426 1598 nova
442 1527 472 1598 si
489 1538 641 1621 quaerat,
654 1528 845 1600 veritatem
861 1528 977 1621 ipsam
994 1527 1194 1621 reperiatur
1207 1538 1306 1622 post-

248 1643 414 1715 habuisse
430 1643 595 1715 novitati.

298 1759 553 1843 Quamobrem,
573 1758 664 1830 illud
691 1758 780 1830 mihi
806 1760 1075 1832 concedendum
1100 1759 1306 1853 speravisi

247 1875 285 1946 in
309 1875 436 1948 iisdem
461 1875 549 1948 locis
573 1874 802 1971 exagitandis
826 1900 987 1970 persaepe
1011 1901 1071 1949 me
1094 1900 1305 1950 exerceam:

247 1994 315 2062 hoc
332 2004 453 2064 tamen
473 1992 679 2064 discrimine
694 1993 828 2087 ubique
840 2006 1003 2075 servat03
1021 2004 1063 2066 ut
1075 2017 1190 2088 quum
1205 1994 1267 2066 ille
1282 2018 1308 2066 a

247 2108 420 2201 peculiari
436 2108 651 2200 scriptorum
667 2131 798 2204 genere
814 2109 852 2181 in
872 2109 1075 2182 universam
1092 2110 1181 2182 ar‘ds
1195 2110 1306 2182 ratio-

247 2247 332 2296 nem
349 2224 500 2297 subinde
516 2235 698 2308 excurrat,
711 2225 824 2298 veluti
841 2226 904 2319 qui
920 2226 1083 2318 proprios
1098 2227 1306 2321 argumenti

246 2341 336 2412 fines
347 2340 526 2433 paulisper
535 2340 845 2435 egrediatur,mox
856 2341 1179 2413 eodemexitinere
1187 2365 1307 2414 rever-

247 2479 373 2536 surus3
398 2477 520 2527 meum
547 2465 673 2526 contra
695 2455 764 2524 erit
787 2455 825 2524 iu
850 2455 1016 2526 universo
1037 2479 1170 2550 genere
1191 2458 1307 2528 fixum

248 2569 366 2661 primo
385 2570 516 2660 pedem
539 2569 683 2650 habere,
700 2569 796 2638 unde
814 2568 861 2638 ad
877 2568 1036 2663 singulos
1052 2571 1253 2663 scriptores,
1268 2582 1309 2644 et

250 2682 409 2753 diversas
432 2691 640 2774 poematum
664 2681 806 2764 formas,
824 2691 931 2774 prout
948 2705 1004 2754 res
1025 2685 1231 2776 postulabit,
1250 2709 1309 2757 ar.

247 2798 413 2896 gumenti
431 2798 665 2869 confirmandi
682 2822 800 2881 causa,
818 2798 1083 2871 deveniendum
1098 2801 1180 2873 erit.

299 2914 396 2985 Nam
413 2924 456 2986 ut
474 2914 510 2983 in
530 2913 629 2985 omni
646 2937 785 3009 requae
802 2915 862 2987 via
886 2926 924 2987 et
940 2926 1018 2988 arte
1041 2917 1138 2989 tradi
1161 2919 1308 3011 prolite-

247 3041 319 3113 tur,
337 3053 380 3101 ea
396 3030 496 3122 prius
512 3040 597 3101 suut
614 3030 819 3122 spectanda,
837 3053 920 3124 quae
937 3032 984 3103 ad
1000 3032 1054 3105 rei
1069 3031 1183 3125 ipsius
1198 3044 1307 3105 natu-

247 3168 337 3230 ram,
354 3146 399 3217 de
416 3169 489 3238 qua
508 3146 641 3241 agitur,
658 3145 909 3218 illustrandam
932 3147 1006 3218 sint
1021 3148 1242 3231 necessaria
1265 3160 1306 3221 et

247 3260 341 3333 sicut
354 3262 390 3331 in
404 3261 548 3354 pictura
563 3272 679 3333 totam
695 3262 799 3355 quasi
815 3261 968 3333 formam
984 3263 1161 3355 imprimis
1177 3264 1306 3336 adum-

247 3378 343 3449 brari
362 3378 537 3459 ridemus,
553 3376 684 3448 deinde
710 3376 894 3447 acceditur
919 3378 966 3449 ad
990 3388 1134 3461 caetera,
1150 3380 1306 3465 vultum,

247 3496 380 3576 oculoS,
397 3493 525 3575 crines,
541 3494 705 3576 lacertos,
723 3515 809 3562 mox
831 3491 871 3561 in
889 3493 1022 3564 vestitu
1046 3493 1157 3564 etiam
1173 3506 1211 3565 et
1228 3504 1307 3567 toto

247 3610 365 3703 operis
383 3610 507 3681 habitu
526 3632 569 3680 ac
583 3608 700 3680 colore
712 3617 768 3679 est
780 3608 1048 3693 elaborandum,
1059 3609 1185 3681 eodem
1200 3612 1306 3684 modo

248 3728 293 3798 de
312 3726 461 3799 Poetica
477 3723 710 3797 statuendum
729 3722 839 3807 duxi;
866 3734 908 3797 ut
922 3724 1048 3817 positis
1063 3724 1120 3810 iis,
1132 3749 1215 3821 quae
1225 3728 1302 3822 jus·

248 3852 323 3913 tam
341 3842 498 3936 aliquam
515 3841 604 3913 artis
620 3840 815 3936 imaginem
833 3842 1005 3915 exhibere
1021 3842 1170 3936 possint,
1187 3854 1225 3916 et
1242 3846 1304 3918 de-

248 3958 389 4052 scriptis
419 3957 520 4051 quasi
548 3957 696 4029 rudibus
722 3959 963 4030 membrorum
990 3958 1228 4043 lineamentis,
1249 3962 1304 4033 ita

248 4078 394 4147 demum
421 4076 469 4146 ad
493 4074 728 4168 exquisitiora
752 4074 814 4145 illa
840 4076 1058 4171 progrediar,
1085 4099 1167 4170 quae
1200 4101 1303 4150 suam

249 4192 383 4263 habent
406 4189 641 4283 proculdubio
665 4188 820 4284 gratiam
846 4214 889 4261 ac
911 4201 1151 4275 venustatem,
1173 4202 1213 4264 at
1232 4193 1302 4265 nisi

248 4305 306 4377 bis
322 4306 420 4398 prius
437 4305 546 4402 jactis
566 4305 821 4389 fundamentis,
839 4330 907 4379 nec
928 4331 994 4400 per
1015 4332 1055 4381 se
1075 4307 1165 4402 ipeae
1186 4309 1304 4381 deleo-

248 4434 339 4509 tare,
357 4443 473 4517 neque
488 4423 635 4495 omnino
651 4432 745 4497 stare
762 4434 944 4516 poterunt.
