3559 5575
858 1061 1002 1134 PARS
1038 1061 1226 1134 PRIMA

1002 1328 1080 1370 sm

669 1538 784 1638 DE
834 1535 1406 1635 IMITATIONE.

726 1860 1084 1944 PRAELECTIO
1113 1859 1353 1942 TERTIA.

517 2113 664 2180 CnrArr
674 2111 802 2176 Portica
818 2107 978 2174 Imitstrix
987 2109 1127 2175 dicatur.
1148 2110 1391 2198 Espmdontm
1403 2111 1571 2200 optatam

559 2217 751 2294 Aristotelis,
766 2214 924 2292 Platonis,
940 2213 1115 2302 Scdigrri.
1163 2215 1228 2278 Vos
1242 2212 1385 2279 imitatio
1398 2215 1570 2302 multiplici

559 2343 655 2388 semu
669 2320 837 2406 accipitur.
866 2319 942 2381 1⁰¹⁰.
953 2315 1005 2380 Aa
1016 2317 1182 2380 noritonam
1195 2338 1308 2380 sonum
1324 2318 1481 2404 rq‘ertur:
1502 2316 1571 2382 2⁶⁰.

560 2423 613 2488 Aa
623 2443 734 2488 norm
744 2429 940 2485 structuram
954 2426 984 2482 rt
997 2418 1144 2482 dictionis
1158 2419 1300 2482 colorem.
1321 2417 1387 2483 8⁶⁰.
1397 2419 1450 2483 Aa
1459 2439 1570 2483 rerum

559 2529 705 2616 ipsorum
719 2523 977 2612 descriptionem:
996 2541 1068 2608 quo
1082 2541 1159 2583 vera
1169 2529 1216 2584 est
1229 2521 1367 2586 imitatio
1380 2521 1519 2586 Portica.

874 2762 1243 2815 *-

519 2956 678 3071 QUOD
699 2983 738 3053 in
763 2981 941 3075 plerisque
964 2982 1100 3053 artibus
1117 2980 1313 3053 tractandis
1340 2978 1491 3052 maximi
1514 2980 1572 3055 in·

518 3099 697 3171 commodi
721 3100 799 3169 loco
824 3120 973 3190 posuere
1000 3096 1196 3170 doctissimi
1219 3096 1298 3183 viri,
1320 3106 1362 3169 ut
1388 3097 1571 3172 vocabulis

517 3228 582 3285 aut
598 3216 681 3285 laxe
698 3222 849 3284 utantur
865 3213 1038 3299 homines,
1051 3223 1115 3285 aut
1128 3214 1245 3287 varias
1262 3222 1301 3285 et
1317 3212 1474 3286 diversas
1491 3238 1572 3286 sen-

518 3329 651 3401 tentias
673 3330 790 3401 eidem
809 3328 886 3401 voci
912 3329 1123 3424 suinciant3
1148 3330 1188 3401 id
1212 3330 1250 3401 in
1267 3328 1404 3401 critica
1424 3340 1502 3402 arte
1526 3353 1571 3402 eo

517 3446 741 3541 frequentius
753 3445 896 3518 evenire
909 3448 1009 3529 solet,
1022 3456 1210 3539 propterea
1221 3446 1319 3540 quod
1330 3446 1435 3518 resin
1450 3446 1573 3539 dispu-

517 3564 692 3637 tationem
709 3562 860 3636 veniunt
876 3562 1071 3635 reconditae
1090 3563 1301 3656 plerumque
1318 3586 1359 3633 nc
1376 3560 1571 3634 subtilioris

517 3681 702 3763 doctrinm,
719 3704 802 3774 quae
827 3702 933 3771 porro
949 3687 991 3749 ut
1008 3678 1053 3748 ab
1070 3679 1253 3748 oculorum
1271 3686 1309 3748 et
1324 3700 1495 3749 sensuum
1509 3680 1572 3775 ju-

518 3796 612 3866 dicio
628 3796 734 3889 longe
759 3801 844 3865 sunt
860 3803 1020 3876 remotae,
1036 3792 1090 3865 ita
1106 3792 1188 3863 fixis
1205 3791 1381 3886 certisque
1406 3793 1570 3865 terminis

519 3908 583 3979 rix
599 3907 735 3980 includi
751 3930 851 4001 posse
868 3908 1047 3980 videntur.
1089 3910 1210 3992 Quare
1227 3908 1333 3980 nullis
1348 3909 1424 3981 fere
1440 3910 1486 3980 ab
1502 3908 1571 3980 ini-

519 4024 572 4095 tio
597 4024 801 4095 constitutis
829 4023 1026 4109 elementis,
1051 4038 1089 4097 et
1117 4025 1273 4119 plurima
1296 4025 1344 4096 ad
1374 4026 1570 4098 affectuum

520 4138 654 4233 pariter
670 4162 712 4211 ac
727 4137 876 4211 rationis
891 4138 1079 4211 arbitrium
1099 4142 1305 4224 referentes,
1324 4140 1497 4234 principia
1514 4167 1570 4213 ar·

520 4254 567 4327 tis
584 4254 745 4328 homines
762 4278 827 4347 pro
843 4278 907 4327 suo
925 4254 1076 4351 quisque
1092 4267 1199 4350 captu
1216 4256 1435 4354 intelligunt,
1453 4267 1489 4328 et
1506 4280 1571 4329 no-

519 4371 616 4444 mine
640 4381 781 4444 serrato
806 4394 881 4443 rem
912 4371 987 4444 fere
1013 4373 1285 4446 accommodant
1310 4373 1358 4445 ad
1383 4373 1570 4470 ingenium

516 4498 582 4562 ant
598 4490 820 4562 voluntatem
838 4511 951 4561 suam.
