3559 5575
1139 619 1855 705 PRAELECTIO
1911 619 2847 704 UNDEVICESIMA.

936 927 1023 991 In
1050 926 1506 991 commovendi-5
1534 924 1878 1012 Affectibus
1908 923 2196 989 vitandae
2221 931 2375 987 sunt
2414 923 2766 989 Sententioe
2798 946 3045 1013 graves

1022 1031 1218 1093 nimis
1246 1038 1307 1094 et
1332 1028 1590 1093 subtiles
1618 1036 1680 1091 et
1703 1028 2019 1115 superbae.
2107 1027 2337 1089 Etiam
2374 1030 2829 1115 argumentari
2866 1049 3045 1091 ασσυ-

1021 1141 1164 1196 rate
1205 1152 1453 1219 parum
1495 1130 1802 1195 convenit.
1889 1128 2408 1214 Enthymematis
2452 1128 2570 1193 tals·
2613 1129 2688 1193 in
2736 1149 2810 1193 re
2853 1147 3046 1216 parce

1025 1235 1354 1300 utmdum.

1707 1436 2269 1491 --.......-

941 1648 1187 1747 CUM
1223 1676 1532 1770 plurima
1564 1677 1711 1749 sint
1743 1687 2108 1772 praecepta
2138 1677 2409 1751 oratori
2438 1686 2514 1749 et
2546 1684 2783 1770 poetae
2819 1675 3039 1752 ferme

939 1792 1370 1875 communia,
1403 1806 1562 1865 tum
1594 1793 1795 1865 nulla
1824 1793 1903 1864 in
1934 1816 2016 1865 re
2051 1793 2281 1888 magis
2327 1791 2702 1884 utriusque
2747 1812 3041 1864 munera

940 1906 1036 1978 ad
1085 1929 1160 1978 se
1208 1906 1518 1979 invicem
1568 1908 1905 1980 accedere
1952 1908 2313 1992 videntur,
2361 1929 2585 2002 quam
2630 1905 2757 1977 ubi
2813 1904 3043 1979 conci-

942 2021 1150 2094 tandi
1182 2033 1352 2096 sunt
1376 2025 1675 2096 affectus
1709 2034 1837 2095 aut
1861 2024 2121 2096 leniter
2153 2023 2513 2096 movendi.
2563 2021 2729 2105 Quo
2752 2021 3042 2115 quidem
3145 2061 3154 2070 ·

941 2136 1018 2207 in
1069 2160 1334 2232 genere
1392 2150 1476 2210 ut
1529 2140 1865 2233 pleraque
1923 2138 2251 2232 exposita
2306 2142 2464 2234 jam
2524 2147 2695 2209 sunt
2743 2136 2943 2219 vitia,
2998 2158 3043 2206 a

940 2252 1197 2345 quibus
1231 2265 1517 2346 poetam
1553 2255 1799 2328 sedulo
1831 2278 2082 2327 cavere
2116 2254 2495 2347 oportebit,
2527 2253 2632 2324 ita
2682 2274 3043 2346 superesse

941 2388 1167 2436 unum
1203 2367 1435 2452 video,
1467 2367 1661 2460 quod
1707 2370 2113 2441 Rhetorum
2164 2368 2561 2462 disciplinae
2612 2390 2759 2439 non
2808 2366 3042 2437 minus

942 2479 1296 2562 convenit,
1347 2481 1652 2574 ideoque
1704 2482 1782 2552 in
1842 2483 2209 2578 principiis
2257 2484 2466 2556 istius
2517 2482 2693 2555 artis
2743 2484 2834 2556 ab
2877 2481 3044 2553 Ari-

943 2593 1198 2663 stotele
1240 2604 1351 2666 est
1382 2606 1866 2667 numeratum.
1966 2600 2252 2693 Nempe
2285 2610 2368 2671 ut
2401 2596 2939 2691 probationibus
2969 2606 3043 2670 et

940 2708 1383 2802 argumentis
1432 2733 1687 2803 parum
1738 2711 2176 2800 studeamus,
2218 2715 2791 2811 quandocunque
2834 2713 3045 2785 affec-

940 2824 1134 2897 tibus
1166 2849 1319 2898 rem
1352 2827 1676 2922 permitti
1708 2829 2057 2902 volumus.

1041 2943 1257 3027 Quod
1305 2945 1365 3016 si
1412 2945 1489 3016 in
1529 2945 1929 3017 forensibus
1958 2945 2267 3042 negotiis
2300 2943 2694 3017 tractandis
2727 2967 3045 3016 necessa·

942 3059 1129 3132 rium
1157 3063 1528 3145 habeatur,
1553 3061 1678 3133 ubi
1710 3061 1787 3132 in
1821 3084 2110 3133 causam
2133 3061 2369 3133 insisti
2393 3061 2621 3157 magis
2656 3062 2858 3145 solet,
2884 3072 2962 3132 et
2983 3060 3046 3132 si

941 3178 1227 3271 quando
1276 3178 1352 3249 in
1404 3180 1753 3270 lacrymas
1804 3186 1879 3249 et
1923 3187 2217 3270 questus
2266 3179 2500 3262 abeat,
2542 3177 2778 3249 minus
2813 3177 3044 3248 veniae

940 3289 1158 3362 datur
1205 3292 1510 3373 oratori;
1559 3302 1849 3386 *quanto
1898 3291 2312 3387 diligentius
2362 3291 2885 3364 observandum
2935 3299 3046 3361 est

939 3405 1208 3496 poetis!
1243 3428 1545 3498 quorum
1571 3407 1754 3477 ratio
1782 3407 2012 3478 omnis
2038 3409 2187 3480 fere
2210 3407 2286 3478 in
2314 3407 2688 3480 affectibus
2714 3406 3045 3491 vertitur,

941 3530 1016 3592 et
1050 3520 1175 3614 qui
1219 3520 1281 3591 si
1330 3522 1511 3592 bene
1555 3544 1707 3593 rem
1756 3533 2035 3608 ornent,
2069 3533 2153 3595 ut
2197 3547 2355 3595 eam
2409 3522 2767 3596 subtiliter
2817 3521 3048 3615 expli-

940 3644 1106 3707 cent
1130 3635 1525 3729 validisque
1557 3637 1979 3709 confirment
2012 3638 2454 3733 argumentis
2488 3660 2742 3732 parum
2775 3637 3020 3710 refert.

1039 3739 1301 3833 Quare
1329 3749 1679 3842 imprimis
1730 3753 2030 3824 notandi
2075 3763 2243 3824 sunt
2289 3753 2365 3836 ii,
2405 3753 2815 3845 quicunque
2863 3737 3047 3822 adeo

939 3891 1014 3938 se
1057 3866 1136 3937 in
1179 3866 1742 3960 philosophando
1780 3869 2091 3963 jactant,
2125 3878 2209 3939 ut
2242 3891 2386 3940 non
2422 3868 2635 3940 modo
2669 3865 3045 3939 ambitiose

940 3983 1181 4056 omnia
1205 4007 1368 4078 quae
1396 3983 1487 4055 ad
1512 4006 1664 4056 rem
1689 3983 2055 4077 pertinent
2076 3994 2528 4077 expromant,
2549 4006 2801 4055 verum
2820 3981 3043 4055 etiam
