3559 5575
502 150 568 218 aaa
634 226 638 235 Α
837 146 959 212 rans
982 144 1210 210 sucunnn
1306 143 1422 208 rm.
1437 143 1561 209 nvn.

502 347 601 421 aegra
630 322 749 417 aliqua
778 331 815 393 et
842 319 971 413 putida
999 318 1212 413 supponitur
1239 316 1384 388 virtutis
1411 317 1561 415 effigies,

500 466 572 514 non
601 438 790 533 praeceptis
819 436 986 519 formata,
1011 458 1084 507 uon
1114 458 1180 505 usu
1209 435 1367 517 exculta,
1392 457 1466 506 uon
1495 437 1560 508 ho-

502 555 641 627 minum
666 553 762 625 inter
787 575 825 623 se
849 549 1064 623 commercio
1088 549 1229 633 idonea,
1252 549 1316 620 sed
1338 571 1421 641 quae
1445 550 1559 622 ferme

500 670 668 763 lacrymis
691 667 922 763 suspiriisque
942 665 1035 739 vesci
1057 667 1159 749 solet,
1176 676 1214 736 et
1233 665 1272 736 in
1298 688 1363 735 sua
1387 665 1558 737 aliorum-

500 810 570 880 que
587 786 730 857 miseria
747 783 905 878 lugenda
921 792 1068 854 aetatem
1085 781 1249 853 conterit.
1301 781 1394 863 Quae
1410 782 1557 875 quidem

501 902 658 995 ineptiae,
676 901 856 972 veteribus
872 900 949 970 fere
965 898 1112 993 ignotae,
1131 896 1215 988 (nisi
1237 897 1361 968 Ovidii
1384 900 1556 993 quasdam

500 1018 631 1113 elegias
649 1017 733 1088 huic
757 1018 873 1107 culpae
897 1012 1068 1085 obnoxias
1092 1037 1168 1085 esse
1191 1018 1417 1110 statuamus)
1435 1038 1557 1086 recen-

500 1132 633 1205 tiorum
651 1142 773 1203 tamen
791 1131 928 1225 aliquot
943 1130 1109 1221 exemplo
1125 1129 1262 1199 iactum
1280 1139 1345 1212 est,
1362 1128 1460 1199 utin
1477 1153 1557 1221 pre·

499 1246 552 1321 tio
578 1244 1026 1339 habeantur-pracsertim
1053 1245 1082 1315 si
1109 1243 1299 1315 dulcedine
1323 1245 1491 1338 quadam,
1513 1256 1556 1316 ut

499 1366 551 1450 lit,
575 1376 612 1437 et
635 1365 782 1436 flumine
807 1362 975 1434 carminis
1000 1385 1060 1432 eas
1085 1361 1329 1433 commendari
1352 1362 1554 1457 contigerit.

498 1482 556 1552 De
573 1482 616 1551 iis
634 1490 767 1563 autem,
785 1479 914 1574 quibus
931 1488 1062 1572 praesto
1079 1477 1211 1548 adsunt
1229 1477 1384 1548 melioris
1404 1478 1476 1548 aevi
1491 1502 1554 1550 ex-

498 1599 628 1689 empla,
642 1596 705 1666 vix
719 1595 862 1667 videtur
874 1596 1110 1667 metuendum
1126 1616 1173 1665 ne
1192 1594 1288 1665 hisce
1300 1593 1406 1691 nugis
1418 1604 1553 1667 temere

499 1734 536 1783 se
553 1712 634 1806 capi
650 1710 846 1803 patiantur.

548 1827 683 1901 Incidit
721 1850 826 1920 porro
865 1826 948 1897 huic
989 1824 1113 1921 generi
1153 1824 1349 1909 interdum,
1381 1836 1425 1898 ut
1458 1851 1553 1898 verae

497 1944 642 2018 virtutis
667 1944 843 2040 augendae
869 1943 989 2015 studio
1014 1941 1179 2036 correpti,
1202 1966 1274 2037 quo
1299 1966 1375 2014 rem
1400 1942 1552 2014 reddant

499 2060 719 2145 debiliorem,
737 2061 885 2133 modum
901 2082 1045 2131 omnem
1063 2083 1105 2130 nc
1121 2059 1230 2130 fidem
1247 2068 1427 2152 superent.
1477 2059 1553 2130 Sic·

498 2176 554 2249 uti
579 2177 617 2248 iu
643 2176 840 2265 Thebaide,
862 2175 936 2258 ubi,
964 2174 1145 2245 interfecti
1174 2174 1315 2245 comitis
1341 2197 1469 2268 corpus
1497 2173 1552 2244 in-

498 2292 687 2363 humatum
714 2295 760 2364 ab
789 2292 951 2363 hostibus
975 2289 1127 2385 relinqui
1154 2290 1290 2375 videns,
1317 2290 1425 2362 enixe
1449 2300 1551 2385 rogat

497 2406 635 2499 Dymas
657 2415 701 2479 ut
724 2430 762 2479 se
784 2408 821 2478 iu
848 2409 927 2502 ejus
951 2408 1029 2479 loco
1054 2406 1140 2478 feris
1166 2406 1375 2478 laniandum
1405 2406 1552 2500 permit-

496 2532 587 2594 tant.

669 2654 744 2740 Ego
757 2652 903 2718 infandas
917 2653 1020 2741 potior
1035 2652 1147 2718 satiare
1162 2652 1328 2728 volueres,

584 2750 643 2819 Me
657 2754 795 2843 praebete
809 2744 902 2820 feris:
925 2778 986 2843 ego
997 2754 1081 2822 bella
1094 2755 1212 2822 audere
1224 2755 1323 2843 coegi.

1238 2860 1355 2926 Tnns.
1371 2861 1415 2926 X.
1431 2863 1507 2930 429.

496 2971 603 3053 Quod
620 2995 642 3044 a
658 2971 858 3071 Virgiliano
874 2972 948 3055 illo,

582 3161 653 3239 Me,
667 3181 729 3240 me,
744 3161 857 3227 adsum
871 3159 928 3248 qui
941 3159 1013 3238 feci,
1028 3158 1061 3222 in
1076 3181 1127 3224 me
1140 3162 1312 3227 convertite
1326 3162 1459 3242 ferrum,

495 3331 576 3424 quis
605 3355 676 3401 nou
705 3332 935 3424 desumptum
961 3328 1088 3399 videt?
1119 3327 1238 3423 Atqui
1262 3327 1448 3426 Virgilius,
1473 3355 1549 3425 prae

496 3446 600 3516 solito
616 3445 654 3515 iu¹
671 3446 726 3516 his
743 3449 848 3517 rebus
860 3443 1010 3540 judicio,
1028 3468 1256 3539 nequaquam
1273 3449 1391 3541 justos
1408 3458 1549 3520 naturae
1683 3488 1684 3521 r

496 3559 583 3629 lines
600 3559 783 3654 egreditur
797 3585 806 3642 3
832 3585 915 3632 cum
932 3560 1023 3630 Niso
1040 3559 1110 3631 ista
1130 3561 1266 3634 tribuat
1287 3562 1444 3633 amicum
1461 3586 1549 3633 non·
1683 3598 1684 3641 ς

497 3674 583 3746 dum
612 3675 842 3748 interiectum
873 3675 1046 3749 liberandi
1079 3699 1141 3768 spe
1171 3675 1280 3749 ducto
1292 3679 1413 3750 z—ille
1446 3680 1548 3761 alter,
1683 3666 1684 3707 i

495 3791 583 3863 dum
609 3793 705 3886 quod
728 3793 835 3865 alieni
857 3793 928 3864 fuit
945 3791 1049 3887 juris,
1067 3792 1233 3865 addendo
1249 3791 1385 3867 scilicet
1402 3795 1549 3889 aliquid,

496 3933 600 3980 suum
618 3909 717 4003 cupit
733 3908 894 3992 reddere,
911 3907 1109 4001 corrumpit
1125 3919 1253 3982 totum.

547 4026 757 4098 Proximum
785 4025 870 4099 huic
895 4024 985 4096 vitio
1013 4026 1213 4098 notaverim
1243 4027 1373 4100 vitium
1403 4030 1548 4101 illorum
1617 4104 1628 4116 ,
