3559 5575
620 185 673 252 xvi
782 177 1181 248 PRAELECTIONUM
1203 175 1556 242 ARGUMENTA.

663 353 770 420 sertim
783 363 918 418 vetustte
930 349 1088 438 religionis
1101 347 1260 434 reliquias,
1276 346 1388 412 oedulo
1406 346 1578 413 addiscat
1597 351 1706 416 Poe!

665 458 707 522 In
725 453 812 520 omni
829 453 929 518 ferme
947 465 1128 540 poematum
1143 473 1272 539 genere,
1283 462 1317 515 et
1329 449 1364 515 in
1377 451 1463 515 omni
1479 465 1624 532 aetate,
1647 457 1706 518 M

664 557 970 645 tidogiaecndquae
982 553 1140 619 estlocus
1572 577 1617 640 p.
1643 561 1706 626 40!

811 760 1056 822 PRAELEt'rlo
1075 759 1302 820 TRICESlMA
1321 758 1485 818 TERTIA.

621 867 674 934 De
684 867 892 953 Antiquitute.
916 863 1093 929 Plurimum
1103 861 1279 927 delectatur
1291 861 1465 926 Phantasia
1476 861 1583 924 omni
1600 880 1706 927 vetus

664 967 738 1034 tatis
745 967 888 1054 imagine.
907 965 1091 1031 Delectatur
1101 965 1178 1029 item
1186 965 1311 1029 Facturi
1318 962 1593 1029 adumbratione.
1617 967 1706 1028 Hin

665 1072 890 1136 vaticiniorum
904 1069 939 1133 iu
952 1080 1096 1156 poemate
1113 1089 1369 1154 usus-quorum
1389 1066 1527 1153 quidem
1550 1068 1706 1132 maximi

665 1190 713 1242 cst
726 1172 821 1256 vie‚ei
835 1174 924 1238 exitu
938 1172 1123 1238 confirmata
1133 1169 1394 1235 videantur-ein
1407 1182 1520 1234 autem
1534 1191 1627 1234 oum
1642 1171 1706 1234 his-

665 1278 745 1346 toria
758 1259 915 1366 pugnent,
929 1298 1011 1340 vana
1024 1289 1098 1340 runt
1112 1287 1146 1338 et
1157 1272 1273 1337 effectu
1287 1285 1407 1337 carent.
1561 1295 1604 1358 p.
1625 1277 1703 1337 424.

805 1480 1050 1542 PRAELECTIO
1070 1476 1296 1538 Tmcusfflu
1315 1476 1491 1540 uuum

624 1587 666 1650 In
681 1583 860 1649 Phantasioe
873 1595 1020 1648 naturam
1037 1579 1214 1647 accuratius
1231 1578 1415 1666 inquiritur.
1460 1580 1532 1644 Pro
1554 1579 1696 1646 diversis

666 1685 829 1750 hominum
853 1684 966 1749 studiis
986 1708 1023 1750 ac
1043 1685 1195 1762 moribus,
1212 1705 1271 1771 pro
1286 1679 1368 1760 coeli,
1385 1698 1418 1746 et
1430 1681 1575 1768 regionis
1590 1685 1693 1750 varie-

668 1801 743 1867 tate,
764 1787 826 1853 alia
846 1786 940 1874 plane
960 1810 1010 1852 rec
1030 1787 1130 1852 videri
1154 1785 1263 1874 pomt.
1307 1787 1356 1848 At
1364 1785 1548 1871 facturis
1575 1787 1691 1852 eadem

666 1893 766 1957 ferme
785 1889 937 1969 ostrado,
953 1889 1025 1954 licet
1040 1889 1158 1974 objecto
1176 1889 1247 1977 ejus
1268 1887 1331 1953 siut
1348 1885 1417 1951 aliis
1437 1885 1510 1952 alia.
1558 1889 1690 1955 Rerum

653 1997 750 2084 ficia
771 2015 808 2060 ac
829 1993 929 2058 colore
951 1991 1079 2057 ducitur
1098 1992 1199 2079 magis
1214 1975 1311 2079 duam
1325 2013 1401 2055 vera
1421 2011 1533 2055 eamm
1556 2007 1687 2057 natm-a.

668 2099 757 2166 Hinc
778 2095 1003 2186 cogitationum
1024 2095 1103 2160 ordo
1121 2093 1233 2174 laxior,
1249 2093 1370 2182 quippe
1387 2093 1444 2180 qui
1464 2094 1685 2162 acoidmtibuc

667 2203 767 2292 magia
781 2200 878 2268 nectit
892 2223 943 2266 rea
956 2221 1053 2287 quam
1067 2199 1224 2264 errmtiir.
1258 2199 1378 2262 Errant
1391 2209 1498 2260 tamen
1512 2197 1571 2285 qui
1585 2198 1682 2263 nullis

667 2329 737 2372 erm
750 2305 884 2372 coercmi
897 2302 1023 2391 legibus
1033 2298 1363 2387 volunt-praeaertim
1372 2298 1518 2365 Ariarici.
1547 2299 1678 2366 Horum

668 2407 788 2494 duplex
810 2419 857 2470 est
877 2428 977 2469 error.
1020 2406 1066 2467 1⁰.
1082 2402 1177 2480 Quod
1197 2401 1377 2468 Phantariae
1397 2400 1473 2488 plus
1491 2424 1583 2489 {equo
1604 2427 1676 2469 cou-

669 2507 789 2572 sulunt.
813 2510 861 2570 2⁰.
871 2505 966 2582 Quod
978 2503 1130 2591 imagines
1136 2505 1296 2592 jucundas
1306 2504 1394 2570 nullo
1403 2527 1490 2570 nexu
1500 2505 1541 2570 ad
1550 2505 1674 2571 lihitum

669 2608 868 2674 contrahunt.
926 2605 1032 2694 Culpa
1058 2607 1118 2673 hac
1145 2630 1209 2673 nou
1237 2607 1365 2673 omnino
1393 2622 1483 2673 vacat
1507 2608 1672 2675 Pindarus.

670 2710 793 2799 Virgilii
807 2707 944 2774 maxima
954 2708 988 2774 in
998 2709 1049 2775 his
1061 2711 1201 2777 cernitur
1211 2709 1300 2775 etvis
1310 2723 1344 2775 et
1354 2710 1530 2799 prudentia.
1552 2737 1584 2801 p.
1596 2716 1667 2780 435.

817 2916 1064 2979 PRAELECTIO
1084 2918 1310 2979 intensum
1329 2918 1493 2982 Quum

629 3023 744 3091 Paucis
764 3022 805 3089 de
825 3020 1052 3110 cogitationum
1070 3022 1182 3087 ordino
1200 3021 1379 3110 praemissis,
1398 3021 1510 3087 deinde
1527 3020 1565 3086 de
1582 3024 1664 3110 Styli

669 3126 859 3195 ornamentis
887 3124 995 3215 agitur
1022 3124 1065 3190 cd
1089 3123 1294 3192 Phantaaiam
1321 3124 1516 3191 excitandum
1541 3124 1662 3193 idoneis.

669 3234 723 3301 Ex
745 3232 862 3320 quibua
885 3253 953 3317 pras
974 3228 1095 3294 caeteria
1115 3241 1287 3294 sumuntur
1312 3241 1461 3316 quatuor,
1482 3228 1659 3315 Hffliole,

670 3334 868 3411 Similitudo,
882 3333 1088 3419 Mecaptora,
1098 3331 1295 3419 Epitirtuot
1342 3330 1396 3395 De
1408 3352 1589 3418 unoquoque
1602 3343 1659 3395 tra-

670 3434 792 3503 duntur
805 3432 952 3520 quoedam
966 3448 999 3499 et
1012 3433 1172 3500 cautiones
1185 3447 1217 3501 et
1230 3447 1399 3523 proeoepta.
1543 3456 1574 3520 p.
1586 3435 1654 3501 447.
