3559 5575
950 625 1665 709 PRAELECTIO
1743 622 2240 708 DECIMA.

537 897 804 961 Poeseos
848 920 989 962 cum
1034 900 1307 965 Pictura
1348 902 1422 965 in
1466 903 1811 989 Affectibus
1854 904 2189 967 imitandis
2238 903 2647 988 comparatio.

628 999 910 1084 Affectus
936 1010 1283 1080 nascentes,
1311 1004 1557 1080 dubios,
1585 992 1843 1080 viia-tos,
1854 1007 2255 1089 fluctuantes
2291 1006 2510 1090 nequit
2546 1025 2650 1066 εω-

613 1101 904 1184 primere
932 1101 1426 1176 Pictura—Qui
1456 1113 1665 1166 tamen
1693 1125 1905 1167 omnes
1926 1105 2117 1167 Poesi
2146 1105 2483 1168 admodum
2511 1127 2655 1168 con-

628 1202 914 1265 veniunt.
1000 1204 1087 1265 In
1109 1207 1113 1213 '
1138 1204 1241 1267 his
1291 1214 1502 1268 autem
1561 1206 1894 1268 imitandis
1945 1205 2269 1268 interdum
2323 1206 2653 1291 offendunt

609 1312 836 1389 poetae.
926 1305 1201 1368 Dantur
1228 1308 1552 1370 cautiones
1579 1307 1873 1393 quaedam
1900 1317 1962 1371 et
1976 1316 2323 1393 praeccpta.
2400 1308 2654 1372 Deinde

621 1404 708 1465 od
755 1405 1092 1492 Simplices
1138 1407 1419 1493 Afflctue
1460 1411 1814 1496 graviores
1864 1410 2189 1472 acceditur
2214 1445 2304 1457 —
2315 1411 2653 1495 principio

621 1507 944 1570 Amorem.
1036 1509 1124 1570 In
1167 1532 1289 1595 quo
1330 1519 1714 1597 arg-umento
1758 1511 2093 1574 tractando
2136 1510 2484 1598 Apollonii,
2537 1511 2651 1572 Va-

619 1606 787 1684 lerii,
823 1610 1066 1687 Ovidii,
1101 1611 1359 1699 Virgilii
1389 1613 1839 1699 «rependuntur
1865 1615 2120 1677 merita.

1313 1835 1872 1884 *—

540 1998 789 2094 CUM
824 2034 1014 2114 saepe
1048 2023 1256 2095 aliter
1287 2023 1570 2115 pictura
1601 2033 1677 2094 et
1709 2024 1943 2114 poesis
1982 2025 2175 2096 inter
2220 2048 2295 2095 se
2338 2024 2649 2096 invicem

535 2139 845 2210 conferri
892 2139 1144 2220 solent,
1179 2138 1374 2228 quod
1419 2161 1462 2206 a
1495 2159 1612 2206 me
1644 2159 1930 2230 quoque
1964 2139 2039 2208 in
2073 2138 2649 2230 praelectionibus

536 2252 900 2325 nonnullis
938 2254 1095 2347 jam
1132 2251 1411 2343 pridem
1445 2261 1556 2322 est
1587 2252 1885 2336 factum,
1918 2263 2079 2324 tum
2131 2254 2323 2325 baud
2367 2254 2511 2325 scio
2556 2278 2648 2325 an

532 2371 736 2440 nulla
771 2391 1088 2463 unquam
1120 2368 1198 2438 in
1241 2390 1321 2438 re
1363 2366 1590 2461 magis
1633 2367 1711 2437 in
1759 2378 2145 2463 utramque
2183 2379 2464 2462 partem
2506 2369 2650 2440 dis-

530 2494 882 2577 ceptetur,
909 2506 1127 2577 quam
1152 2493 1322 2554 utra
1353 2485 1606 2553 harum
1644 2484 1718 2554 in
1754 2485 2143 2556 referendis
2179 2485 2402 2556 animi
2436 2485 2651 2557 affec-

530 2600 724 2671 tibus
758 2600 1106 2692 potiorem
1142 2598 1291 2668 vim
1326 2599 1604 2669 habeat.
1709 2600 1949 2680 Quam
1994 2600 2286 2693 quidem
2328 2601 2407 2670 in
2449 2623 2649 2694 quae-

532 2715 837 2786 stionem
872 2717 1167 2786 tandem
1202 2737 1318 2784 me
1342 2715 1544 2809 justo
1577 2714 1828 2785 ordine
1863 2715 2234 2786 devenisse
2265 2725 2466 2807 puto,
2489 2738 2650 2808 per-

535 2831 712 2901 actis
761 2853 1021 2921 nempe
1063 2830 1155 2900 iis
1200 2852 1364 2923 quae
1398 2830 1490 2899 ad
1526 2839 1764 2900 motus
1800 2830 2024 2900 animi
2056 2830 2515 2922 pertinebant
2547 2833 2649 2901 le·

536 2945 794 3026 nioreS,
828 2965 1216 3035 sensusque
1248 2943 1406 3012 illos
1437 2943 1689 3013 breves
1724 2952 1801 3013 et
1831 2944 2143 3013 incertos
2179 2943 2328 3035 qui,
2363 2967 2493 3034 pro
2544 2945 2651 3014 di-

536 3082 744 3130 versa
796 3079 1036 3127 rerum
1089 3055 1476 3138 occasione,
1521 3056 1720 3126 nasci
1771 3070 2045 3127 temere
2091 3066 2311 3148 atque
2358 3055 2652 3128 interire

535 3174 788 3245 solent.
891 3170 1152 3262 Neque
1187 3178 1426 3241 tamen
1474 3168 1550 3239 in
1601 3171 1735 3239 hac
1783 3170 2087 3240 materia
2125 3172 2652 3262 pertractanda,

534 3286 814 3383 ingenti
848 3309 1020 3358 sane
1054 3309 1140 3357 ac
1173 3306 1394 3377 prope
1433 3283 1737 3367 infinita,
1772 3308 2058 3356 omnem
2104 3286 2493 3358 affectuum
2538 3310 2653 3359 ra-

536 3403 808 3474 tionem
851 3400 1361 3472 excutiendam
1402 3398 1696 3493 judico:
1750 3398 1924 3470 satis
1975 3424 2090 3474 me
2139 3410 2217 3472 et
2266 3402 2651 3495 quoestioni

536 3516 674 3608 ipsi
704 3539 869 3609 quae
903 3539 1099 3585 nunc
1132 3514 1396 3608 agitur,
1430 3523 1505 3584 et
1539 3512 1934 3606 disciplinae
1974 3514 2408 3609 jampridem
2442 3518 2654 3589 insti-

535 3642 743 3716 tutae,
762 3631 1119 3702 facturum
1149 3628 1476 3712 arbitror,
1505 3627 1565 3699 si
1589 3651 1821 3720 pauca
1852 3630 2065 3701 modo
2099 3653 2194 3701 ex
2226 3632 2442 3700 turba
2475 3631 2653 3701 edu-

536 3769 721 3830 cam,
755 3769 919 3837 quae
953 3754 1028 3815 et
1062 3744 1237 3814 artis
1277 3743 1650 3835 utriusque
1684 3743 1832 3814 vim
1881 3753 2442 3817 commonstrare
2489 3766 2653 3834 pos-

535 3862 704 3945 sint,
738 3869 814 3932 et
830 3909 838 3913 -
855 3861 932 3930 in
984 3871 1231 3931 nostra
1278 3868 1441 3930 arte
1483 3860 1882 3950 praesertim
1937 3862 2234 3932 colenda
2285 3857 2462 3950 quid
2511 3857 2681 3926 im·-

534 3976 784 4069 primis
817 3975 1018 4069 sequi
1052 3974 1228 4068 quid
1261 3997 1510 4046 cavere
1545 3997 1629 4045 ac
1663 3974 1912 4071 fugere
1946 3985 2293 4067 oporteat.

1530 4106 1584 4157 K
1622 4093 1668 4156 4
