3559 5575
474 163 708 228 Pam..
737 161 957 230 XXI.
1143 167 1276 231 DE
1322 163 1960 232 AFFECTIBUS.
2472 172 2599 238 277

575 334 799 429 Apud
829 337 1198 409 Romanos
1233 362 1403 410 vero
1437 340 1879 434 jampridem
1917 340 2230 435 grassari
2262 351 2601 433 coeperat,

471 452 809 523 foecunda
854 452 982 524 illa
1031 454 1366 548 genetrix
1411 465 1488 526 et
1528 443 1689 526 *fons
1737 455 1931 538 mali,
1967 479 2133 548 quae
2168 478 2263 526 ex
2297 455 2600 548 Epicuri

470 569 699 640 hortis
768 570 1037 662 prodiit
1097 554 1588 664 philosophia3
1658 571 1776 642 cui
1837 572 2110 643 scilicet
2170 570 2379 642 unice
2439 594 2601 664 pro-

469 686 786 777 positum
821 696 1031 768 esset,
1069 697 1150 757 ut
1185 710 1471 757 omnem
1509 711 1605 758 ex
1638 687 1881 759 animo
1914 687 2233 757 numinis
2268 710 2599 758 reveren-

471 801 652 872 tiam
689 812 764 873 et
796 801 1068 872 futurae
1106 801 1276 872 vitae
1312 827 1512 895 spem
1546 803 1893 874 radicitus
1928 805 2288 874 evelleret.
2357 803 2595 885 Quam

475 916 770 1008 quidem
805 916 1212 1009 opinionem
1237 919 1394 1011 jam
1429 927 1643 990 antea
1684 918 2165 1013 perstringere
2200 918 2435 989 visum
2488 928 2598 989 est

475 1030 552 1101 in
590 1030 918 1102 Lucretii
934 1041 1280 1123 «poemate
1306 1034 1779 1124 expendendo
1807 1060 1825 1114 ;
1860 1056 2163 1126 eamque
2188 1057 2333 1104 non
2371 1032 2598 1127 magis

477 1169 643 1218 cum
671 1147 977 1218 veritate
1010 1169 1335 1241 pugnare
1369 1147 1645 1219 dictum
1682 1159 1814 1231 est,
1842 1172 2058 1241 quam
2095 1147 2601 1240 praestantissi-

476 1260 612 1331 mis
664 1263 971 1332 Poeseos
1026 1262 1304 1356 legibus
1364 1265 1631 1334 obesse.
1738 1263 2074 1358 Perlegat
2123 1287 2292 1333 vero
2342 1263 2599 1356 aliquis

472 1378 771 1448 stultam
825 1377 1022 1448 illam
1067 1377 1350 1448 Lucani
1402 1378 1874 1470 impietatem,
1922 1379 2131 1449 modo
2182 1380 2595 1471 exemplum

471 1493 702 1563 altera
739 1514 836 1562 ex
879 1501 1086 1584 parte
1123 1491 1320 1576 velit,
1355 1514 1499 1585 quo
1531 1493 1823 1588 Virgilii
1874 1492 1950 1562 in
2002 1492 2112 1562 his
2164 1494 2376 1563 rebus
2425 1517 2596 1585 pru-

471 1605 796 1677 dentiam
837 1606 1292 1678 illustriorem
1343 1606 1621 1678 reddat.
1725 1606 2012 1700 Quippe
2064 1606 2170 1677 ita
2220 1607 2311 1678 de
2363 1607 2592 1700 seipso

473 1722 826 1794 Catonem
859 1722 1056 1817 loqui
1088 1722 1281 1794 fecit.

651 1868 983 1931 Summum
1016 1866 1220 1931 Brute
1244 1866 1420 1930 nefas
1448 1865 1655 1932 civilia
1682 1865 1849 1930 bella
1875 1865 2184 1930 fatemur:

654 1969 778 2033 Sed
807 1992 941 2055 quo
968 1968 1100 2032 fata
1128 1968 1412 2047 trahunt,
1442 1969 1646 2034 virtus
1676 1991 1894 2034 secura
1922 1981 2239 2054 sequetur.

650 2071 914 2135 Crimen
940 2073 1068 2134 erit
1092 2072 1345 2157 superis
1374 2079 1435 2134 et
1460 2093 1559 2135 me
1558 2073 1807 2157 fici-58⁶
1834 2079 2179 2134 nocentem.

1918 2173 2184 2235 PnARs.
2219 2171 2315 2234 ΙΙ.
2349 2173 2501 2234 254.

474 2306 896 2400 Iterumque
955 2306 1033 2376 in
1091 2306 1396 2399 septimo
1459 2307 1849 2377 Pharsaliae
1894 2305 2089 2377 Deos
2141 2304 2267 2377 vix
2336 2307 2590 2400 dignos

474 2423 709 2494 dicere
760 2425 1002 2507 audet,
1050 2447 1227 2518 quos
1280 2425 1583 2516 supplex
1635 2424 1962 2517 precibus
2014 2421 2160 2492 suis
2203 2422 2589 2514 Pompeius

472 2540 685 2610 adeat
706 2550 754 2610 ⁸.

569 2655 889 2726 Diversis
923 2656 1241 2748 profecto
1282 2679 1377 2726 ex
1422 2635 1739 2727 fontibus
1786 2654 2113 2749 impurosv
2151 2657 2362 2725 hosce
2408 2657 2586 2726 hau-

471 2780 624 2841 stus
658 2771 905 2844 tulisse
932 2773 1356 2846 Lucretium
1391 2783 1607 2867 atque
1636 2773 2040 2855 Lucanum,
2074 2771 2245 2843 satis
2281 2780 2583 2843 constat.

472 2885 732 2978 Neque
765 2888 842 2958 id
873 2889 1074 2959 nobis
1106 2912 1302 2959 nunc
1337 2911 1574 2980 operae
1609 2889 1932 2958 dandum
1966 2898 2099 2970 est,
2129 2897 2210 2957 ut
2246 2888 2587 2981 dogmata

472 3024 723 3070 eorum
756 3002 918 3072 falsi
951 3027 1359 3097 arguamuS.
1426 3003 1541 3073 Sit
1567 3004 1740 3074 satis
1767 3001 2136 3072 edocuisse
2171 3024 2259 3070 ea
2292 3001 2590 3092 poeticae

471 3116 616 3187 arti
660 3117 953 3192 omnino
1003 3142 1156 3188 esse
1201 3117 1582 3202 contraria,
1615 3128 1870 3210 utpote
1918 3141 2082 3210 quae
2134 3140 2178 3187 a
2227 3116 2591 3187 communi

471 3233 846 3303 hominum
881 3256 1096 3304 sensu
1132 3234 1583 3303 abhorreant.

571 3349 1009 3444 Magnorum
1055 3349 1332 3420 interea
1378 3349 1767 3419 Poetarum
1819 3345 2232 3418 testimonio
2285 3347 2395 3418 uti
2445 3370 2586 3419 non

469 3464 946 3560 injucundum
998 3466 1160 3551 erit,
1207 3464 1333 3558 qui
1368 3448 1453 3535 ⁴se
1500 3487 1593 3535 ex
1637 3462 1749 3535 his
1796 3462 2152 3535 erroribus
2188 3464 2588 3537 vindicatos

469 3580 542 3651 in
580 3581 869 3674 pietatis
905 3582 1097 3652 viam
1132 3581 1426 3652 rediisse
1459 3580 1739 3652 ratione
1772 3580 1999 3651 victos
2032 3580 2375 3653 fatentur.

645 3744 828 3829 Saepe
856 3740 1010 3805 mihi
1038 3742 1298 3806 dubiam
1331 3741 1524 3806 traxit
1553 3742 1861 3806 sententia
1889 3756 2187 3822 mentem,

646 3846 963 3909 Curarent
996 3843 1224 3932 Superi
1255 3858 1475 3923 terras,
1504 3867 1586 3907 an
1619 3843 1833 3908 nullus
1861 3844 2089 3908 inesset

1375 4066 1400 4094 ⁸
1444 4058 1514 4115 L.
1548 4057 1685 4120 657.

1463 4160 1596 4225 ΤΒ
1708 4172 1711 4175 ’

3313 2612 3315 2626 -
3312 2536 3316 2551 ,
3306 2322 3316 2402 ,σι-
3307 2069 3320 2279 --vn-3·
3315 2030 3317 2048 v
3318 1958 3324 1998 §—
