3559 5575
590 55 818 119 Pam„
851 54 1074 119 XIII.
1252 54 1381 118 DE
1427 54 2055 120 AFFECTIBUS.
2574 56 2696 121 181

588 227 763 301 fen-i
793 250 998 319 posse
1032 226 1342 311 videtur,
1374 250 1536 321 quae
1569 227 1742 297 dum
1777 226 2071 300 seorsim
2118 238 2517 312 sumentur,
2551 251 2703 300 ma-

584 340 791 412 xima
823 352 1040 426 certe,
1073 341 1134 412 si
1164 365 1308 413 non
1344 342 1588 412 omnia
1619 365 1785 434 quae
1820 343 1914 414 ad
1948 342 2135 412 hanc
2169 352 2450 434 partem
2484 342 2704 434 perti-

586 466 788 542 nent,
823 457 1203 550 complecti
1235 468 1309 529 et
1343 458 1765 529 confirmare
1800 457 2150 549 exemplis
2184 481 2379 528 curae
2413 457 2574 529 erit.

686 568 1032 641 Primum
1064 572 1291 668 igitur
1321 582 1456 659 est,
1489 571 1602 643 uti
1633 595 1795 642 eam
1830 572 1965 643 sibi
2009 595 2163 642 rem
2210 582 2449 642 sumat
2483 571 2704 664 scrip-

587 697 725 769 tor,
747 687 863 758 cui
888 697 1144 779 sponte
1171 688 1410 759 aditus
1433 688 1511 757 in
1539 710 1662 758 cor
1685 697 1964 780 pateat:
2000 687 2193 780 quod
2219 696 2377 758 tum
2405 687 2701 757 demum

587 802 741 885 fiet,
791 802 853 871 si
918 803 1245 873 fortunas
1304 804 1742 873 HOMINUM
1805 803 2146 886 narrabit,
2201 825 2449 874 eorum
2517 825 2703 894 prae-

594 916 842 987 sertim
876 916 1004 1009 qui
1035 939 1267 1009 neque
1300 926 1623 1009 tempore
1656 929 1786 989 aut
1806 919 1962 996 loco
1996 928 2126 989 aut
2151 918 2465 989 moribus
2499 941 2544 987 a
2576 940 2705 987 no-

596 1032 858 1104 bismet
890 1032 996 1103 ita
1031 1031 1177 1103 sint
1200 1033 1529 1127 sejuncti,
1555 1044 1639 1104 ut
1663 1033 1841 1127 quid
1862 1033 2143 1127 egerint
2168 1034 2556 1104 tulerintve
2581 1057 2708 1125 pa-

595 1171 755 1218 rum
790 1170 1143 1218 curemuS.
1210 1144 1544 1236 Deinde,
1578 1159 1661 1219 ut
1695 1171 1900 1218 casus
1931 1170 2186 1242 graves
2218 1157 2295 1218 et
2325 1149 2707 1236 luctuosoS,

591 1262 996 1357 inopinatas
1029 1286 1271 1334 rerum
1307 1262 1499 1335 vices
1533 1264 1958 1356 spectandas
1991 1263 2350 1355 praebeam
2385 1273 2470 1334 ut
2500 1262 2706 1347 iram,

586 1390 890 1463 metum,
926 1378 1347 1466 vindictam,
1383 1402 1542 1471 spes
1588 1379 1921 1466 incertaS,
1959 1386 2337 1471 motusque
2372 1378 2599 1449 animi
2629 1379 2705 1449 in

590 1505 971 1588 utramque
1022 1505 1328 1588 partem,
1361 1505 1437 1566 et
1468 1494 1545 1564 in
1591 1495 1940 1589 gaudium
1977 1503 2053 1565 et
2084 1494 2161 1563 in
2209 1494 2549 1577 dolorem,
2586 1518 2708 1565 ve-

591 1611 1071 1684 hementiores
1120 1610 1485 1706 depingat.
1585 1607 2000 1693 Postrema,
2049 1620 2129 1680 ut
2176 1621 2565 1701 conceptus
2604 1620 2705 1697 et,

590 1750 769 1821 quas
804 1725 1043 1797 Graeci
1077 1725 1354 1808 dicunt,
1389 1722 1649 1804 διανοίας·
1683 1724 2039 1818 ejusmodi
2069 1725 2386 1816 proferat
2418 1747 2586 1818 quae
2628 1724 2706 1798 in

589 1852 844 1936 pectus
877 1841 1289 1912 auditorum
1324 1839 1532 1911 facile
1566 1862 1642 1911 se
1674 1838 2067 1926 insinuent,
2092 1849 2168 1909 et
2201 1837 2465 1909 similes
2500 1861 2711 1931 quos-

593 1957 767 2026 dam
812 1968 1051 2028 motus
1099 1956 1286 2026 ciere
1337 1954 1542 2048 quasi
1591 1953 2136 2025 necessitudinis
2177 1955 2342 2045 jure
2392 1953 2711 2044 possint;

597 2094 906 2165 quaeque
967 2072 1209 2143 omnia
1269 2072 1485 2141 simul
1542 2093 1627 2140 ac
1684 2079 2024 2162 percepta
2079 2068 2350 2139 fuerint
2405 2071 2711 2161 amplec-

599 2198 844 2259 tamur
875 2189 1070 2260 ultro
1104 2198 1178 2259 et
1211 2210 1379 2258 cum
1427 2185 1902 2258 delectatione
1947 2185 2256 2278 quadam
2303 2187 2711 2277 comprobe-

601 2326 781 2374 mus,
885 2304 1052 2375 Hoc
1101 2314 1345 2375 autem
1396 2302 1473 2372 in
1522 2325 1789 2397 genere
1839 2300 2203 2373 numerari
2241 2300 2479 2384 velim,
2513 2325 2710 2395 quae-

595 2440 879 2511 cunque
939 2418 1034 2488 ad
1092 2416 1648 2489 misericordiam
1700 2415 2089 2507 pertinent,
2143 2416 2707 2498 beneficentiam,

591 2534 963 2627 pietatem,
1015 2533 1273 2627 patriae
1327 2557 1411 2603 ac
1463 2531 2027 2625 propinquorum
2095 2553 2434 2615 amorem,
2490 2531 2711 2625 justi-

593 2650 800 2737 tiam,
844 2650 1083 2732 fidem,
1128 2647 1610 2730 clementiam,
1663 2646 2162 2718 fortitudinem
2221 2646 2465 2731 etiam,
2515 2657 2593 2717 et
2647 2646 2710 2717 si

595 2765 773 2859 quid
805 2765 1002 2836 aliud
1032 2764 1324 2836 virtutis
1357 2764 1569 2835 laude
1604 2762 2034 2834 continetur.

702 2881 845 2951 His
876 2880 1101 2975 igitur
1128 2882 1326 2950 hunc
1358 2879 1436 2949 in
1470 2879 1765 2949 modum
1802 2877 2185 2970 dispositis,
2215 2878 2566 2971 principio
2616 2878 2708 2950 de

600 3016 690 3066 re
732 3001 958 3089 atque
999 3000 1438 3087 argumento
1480 2988 1838 3063 carminis
1878 2993 2235 3087 agendum
2283 2992 2462 3063 erit:
2514 2993 2709 3086 quod

601 3108 897 3202 quidem
942 3110 1039 3179 ab
1064 3106 1459 3179 Aristotele
1495 3107 1682 3177 tanti
1716 3117 1826 3177 est
1856 3107 2153 3190 factum,
2186 3117 2271 3177 ut
2305 3105 2708 3178 maximum

598 3223 677 3295 id
725 3234 962 3317 poetae
1007 3248 1278 3295 munus
1316 3223 1652 3316 idemque
1702 3221 2196 3294 difficillimum
2248 3245 2400 3293 esse
2448 3222 2708 3314 praedi-

599 3342 891 3413 caverit.
995 3342 1181 3424 Quae
1215 3351 1461 3412 tamen
1497 3338 1763 3410 summi
1797 3338 2209 3431 Philosophi
2247 3338 2462 3408 verba
2491 3339 2707 3411 latius

598 3456 903 3552 intelligi
955 3458 1242 3540 debent,
1293 3480 1509 3550 quam
1565 3466 1648 3527 ut
1689 3455 1765 3526 id
1812 3456 2041 3526 solum
2083 3456 2262 3526 velle
2309 3455 2709 3526 habeantur

600 3573 793 3665 quod
826 3595 954 3643 nos
978 3574 1135 3665 jam
1161 3571 1570 3664 quaerimus.
1634 3569 2029 3641 Enimvero
2054 3579 2283 3641 totam
2318 3569 2708 3662 respiciunt

598 3690 862 3761 fabulae
912 3689 1379 3761 instituendae
1429 3690 1913 3782 ornandaeque
1964 3688 2434 3783 disciplinam,
2486 3710 2704 3781 quam

601 3805 935 3876 subtilem
985 3829 1136 3877 esse
1187 3816 1262 3877 et
1305 3804 1774 3897 multiplicem
1820 3816 2016 3876 recte
2060 3815 2347 3887 monet;
2398 3826 2562 3875 cum
2598 3827 2706 3875 se-

599 3920 770 3991 dulo
803 3944 1017 4013 opera
1053 3922 1291 3994 danda
1323 3921 1416 3993 sit
1450 3919 1780 4012 scriptori
1813 3930 1898 3991 ut
1931 3943 2157 3992 unum
2202 3919 2564 4013 quoddam
2610 3918 2704 3990 sit

1587 4054 1647 4105 N
1686 4040 1730 4104 3
