3559 5575
497 112 562 181 198
843 107 965 177 PARS
988 106 1215 173 SECUNDA
1324 109 1438 172 Pacu.
1455 108 1552 173 XIV.

495 286 564 355 hoc
580 282 670 353 vitio
696 280 872 352 immunia
894 289 991 364 aunt,
1008 302 1092 374 quae
1114 277 1253 351 Caesari
1277 279 1348 373 ipsi
1369 281 1552 354 feritatem

495 396 695 471 inauditam
713 396 890 467 tribuunt.

583 542 691 606 Caesar
705 540 738 604 in
753 562 841 637 arma
854 536 964 604 furens
976 536 1090 618 nullas,
1104 536 1165 603 nisi
1178 536 1333 625 sanguine
1347 539 1420 605 fuso

583 639 712 708 Gaudet
728 642 844 707 habere
859 641 944 706 vias:
992 689 1001 707 .
1046 692 1055 705 .
1103 690 1112 705 .
1158 685 1168 703 .

692 792 699 807 .
748 792 757 809 .
800 766 866 809 non
880 758 946 808 tam
959 758 1067 831 portas
1081 744 1199 808 intrare
1213 756 1367 830 patentes,

585 849 689 925 Quam
704 845 833 933 fregisse
842 846 955 932 juvat:
978 867 1037 909 nec
1052 859 1118 910 tam
1131 844 1271 932 patiente
1284 844 1398 909 colono

583 952 675 1015 Arva
688 947 799 1037 premi,
814 970 912 1035 quam
926 946 953 1011 ai
966 946 1052 1012 ferro
1065 946 1238 1035 populetur
1251 960 1283 1011 et
1297 946 1374 1033 igni.

1214 1050 1347 1113 Paaas.
1363 1050 1415 1114 11.
1431 1051 1508 1119 4³9.

498 1208 639 1281 Pariter
655 1206 778 1279 odiosa
795 1214 880 1277 sunt
897 1200 1079 1295 Polynicis
1094 1200 1134 1271 in
1152 1200 1302 1272 Senecae
1318 1199 1524 1271 Phaniam.

1018 1328 1084 1394 Pro
1097 1349 1197 1417 regno
1209 1327 1303 1393 veh'm

585 1437 735 1517 Patriam,
751 1446 890 1523 penates,
905 1433 1075 1521 conjugem
1088 1432 1224 1497 dammis
1237 1431 1324 1510 dare,

584 1537 724 1625 Imperia
737 1536 840 1626 pretio
853 1536 997 1623 quolibet
1011 1548 1156 1601 constant
1169 1535 1261 1600 bene.
1350 1556 1419 1598 ver.
1431 1531 1506 1600 6oe

496 1668 614 1749 Quam
640 1665 786 1759 quidem
809 1664 1027 1735 seutentiam
1049 1665 1212 1735 conferat
1227 1662 1355 1757 aliquia
1371 1684 1456 1735 cum
1472 1662 1553 1735 Bu·

495 1779 620 1873 ripidis
635 1780 713 1851 loco
730 1778 767 1849 in
786 1777 993 1860 Phoenissis,
1005 1778 1030 1848 l.
1045 1777 1133 1850 506.
1149 1778 1181 1850 si
1196 1779 1274 1851 veri
1288 1787 1408 1872 poete
1423 1779 1552 1851 suffra·

494 1896 596 1993 ‘ffl'um
613 1894 698 1967 huic
714 1903 896 1987 praecepto
912 1894 1084 1987 imuirat.

545 2012 652 2096 Quod
669 2012 699 2083 si
716 2010 763 2083 ad
780 2031 961 2081 summum
976 2009 1017 2079 in
1035 2011 1104 2081 hoc
1118 2030 1251 2104 genere
1266 2008 1478 2105 magistrum
1494 2034 1551 2083 re-

496 2128 698 2221 spiciamus,
708 2126 901 2223 Virgilium
914 2124 1007 2210 dico,
1020 2124 1118 2217 quod
1127 2123 1239 2195 suerit
1250 2123 1362 2217 ipsius
1369 2125 1550 2219 Judicium

494 2242 583 2314 satis
608 2228 732 2335 liquet.
784 2241 986 2311 Immunem
1008 2238 1142 2332 quippe
1157 2239 1424 2332 imprnbitatem
1440 2251 1480 2312 et
1495 2242 1550 2313 in·

496 2360 620 2430 audita
636 2359 711 2429 fere
727 2356 946 2452 flagitiorum
963 2376 1095 2451 genera
1106 2354 1144 2425 in
1157 2378 1269 2426 unam
1281 2356 1458 2428 Mezentii
1469 2380 1551 2450 per·

497 2496 621 2544 sonam
655 2472 846 2544 contulisse
872 2469 1027 2542 ridetur.
1077 2469 1259 2563 Asperum
1291 2470 1443 2557 effinxit,
1469 2495 1552 2543 cru-

496 2589 626 2673 delem,
652 2590 849 2682 perjurum,
873 2587 1117 2679 impium—at
1139 2586 1296 2657 eundem
1324 2597 1447 2658 tamen
1475 2609 1549 2657 nou

498 2703 602 2774 modo
619 2703 748 2773 fortem
766 2702 803 2773 in
821 2702 954 2796 praeliis
971 2724 1014 2773 ac
1030 2711 1230 2791 strenuum,
1241 2706 1368 2772 verum
1384 2712 1423 2772 et
1438 2701 1551 2773 inter-

495 2820 590 2890 iecto
606 2817 690 2905 filio,
706 2818 841 2910 pietate
858 2827 896 2888 et
911 2819 1013 2888 luctu
1030 2816 1224 2888 devictum.
1267 2817 1473 2909 Tantopere
1490 2817 1550 2888 hic

496 2934 641 3004 modum
672 2933 710 3004 in
737 2933 902 3004 omnibus
927 2931 1030 3015 vidit,
1053 2941 1091 3003 et
1114 2931 1250 3004 servari
1271 2932 1406 3014 vohrit;
1431 2954 1549 3026 neque

495 3072 653 3142 unquam
674 3073 768 3120 caeco
790 3045 960 3119 novitatis
983 3046 1104 3118 studio
1128 3046 1394 3142 obsequendum
1418 3047 1549 3129 duxit;

496 3163 526 3234 si
543 3173 717 3257 quantum
735 3162 838 3234 daret
854 3161 940 3233 huic
956 3161 1091 3254 ineptae
1114 3161 1315 3254 cupiditati,
1332 3171 1478 3234 tantum
1502 3163 1550 3233 ab

495 3279 682 3350 affectibus
699 3279 958 3351 detraheretur.

544 3509 640 3592 dam,
658 3507 703 3579 de
720 3507 958 3599 caeterisquae
975 3505 1022 3577 ad
1039 3505 1190 3577 affectus
1212 3507 1407 3580 movendos
1428 3507 1549 3578 conm-

494 3623 702 3718 liaudosque
726 3623 909 3715 pertinent
934 3619 1141 3713 disputandi
1167 3625 1317 3714 posthac
1340 3625 1439 3693 locus
1464 3621 1548 3693 erit.

495 3737 720 3810 Sententiam
738 3761 821 3809 vero
836 3736 943 3809 istam
961 3734 1092 3807 summi
1113 3735 1239 3808 Critici
1261 3737 1462 3810 accuratius
1485 3736 1550 3808 ad-

494 3853 568 3925 huc
601 3854 823 3946 exploratam
852 3849 972 3937 velim,
1001 3874 1073 3945 qua
1100 3875 1202 3924 casus
1228 3852 1404 3949 ejusmodi
1432 3853 1548 3945 poetis

496 3970 700 4042 tractandos
718 3968 955 4054 commendat,
971 3990 1059 4061 quos
1072 3992 1137 4040 sua
1152 3969 1191 4039 in
1208 3992 1247 4042 se
1263 3971 1369 4081 culpa
1385 3968 1548 4042 homiues
