3559 5575
967 109 1098 171 388
1662 105 1904 168 PARS
1951 100 2329 168 TERTIA
2572 103 2796 168 Pam..
2830 102 3106 171 XXX.

1405 262 1410 266 ¹
1477 274 1745 357 Ἀμερον,
1775 273 2163 355 εὐφιλόπαιδα,

1487 378 1607 440 Ka>
1634 379 1891 462 γεραροῖς
1920 375 2241 460 ἐπίχαρτον.

1399 478 1601 543 Πολία
1628 481 1670 540 δ’
1703 479 1836 564 ἔσχ’
1866 481 1920 539 ἓν
1949 477 2265 562 ἀγκάλαις,

1482 581 1796 667 Νεοτρόφου
1821 578 2017 642 τέκνου
2045 577 2225 654 δι’καν,

1393 680 1720 770 Φαιδρωπδς
1746 682 1873 744 ποτὶ
1900 684 2075 767 χεῖρα

1395 785 1615 850 Σαίνοον
1643 785 1705 847 τὶ
1735 783 1988 867 γαστρὸς
2015 781 2320 866 ἀνάγκαις.

1480 886 1794 973 Χρονισθεὶς
1823 886 1865 945 δ’
1896 882 2173 962 ἀπέδειξεν

1385 988 1551 1064 Ἕθος
1581 991 1644 1051 τὸ
1674 986 1806 1074 πρὸς
1832 986 2064 1062 τοκῆοον.

1481 1090 1663 1178 Χάριν
1690 1092 1894 1175 τροφοῖς
1921 1091 2038 1172 γάρ
2069 1087 2345 1169 ἀμείβων,

1483 1191 1828 1274 Μηλοφόνοις
1855 1189 2083 1254 ἀταισιν

1480 1295 1649 1358 Δαῖτ’
1679 1293 2018 1366 ἀκέλευστος
2050 1291 2284 1369 ἔτευξεν·

1478 1397 1695 1476 Αἵματι
1727 1397 1769 1458 δ’
1803 1394 1946 1468 οἶκος
1974 1393 2184 1479 ἐφύρθη·

1385 1496 1659 1582 Ἀμαχον
1687 1499 1729 1559 δ’
1760 1494 1945 1581 ἄλγος
1974 1495 2213 1569 οἷκέταις

1474 1597 1662 1681 Μέγα
1689 1597 1836 1672 σίνος
1865 1597 2217 1661 πολῦκτονον.

1386 1702 1499 1763 Ἐκ
1529 1698 1667 1764 θείου
1697 1702 1740 1762 δ’
1772 1699 1936 1785 ἱερεύς
1967 1725 2050 1772 τις

1379 1800 1564 1876 Ἄτας
1595 1802 1773 1883 δόμοις
1802 1800 2176 1885 προσετρᾶφη.
2562 1801 2793 1866 AGAM.
2828 1803 2976 1872 7ffi.

957 1910 1214 2002 Neque
1266 1931 1309 1978 a
1359 1906 1695 2002 gravibus
1745 1904 2038 1998 quidem
2091 1901 2466 1976 sententiis
2512 1905 2601 1976 de
2646 1905 2946 1980 numine
2991 1922 3074 1982 et

952 2026 1105 2096 fato
1150 2034 1225 2095 et
1259 2021 1503 2092 officiis
1540 2020 1872 2090 humanis
1905 2019 2263 2100 abhorret,
2302 2020 2434 2090 hoc
2467 2022 2866 2112 phantasiae
2898 2026 3076 2095 sub-

954 2138 1135 2210 sidio
1195 2137 1304 2209 uti
1333 2163 1350 2209 ε
1429 2136 1615 2208 sicut
1672 2136 1747 2206 in
1809 2134 2247 2207 nobilissimo
2301 2135 2793 2208 Eumenidum
2847 2142 3072 2211 chono

952 2254 1239 2351 egregie
1286 2265 1396 2326 est
1428 2253 1726 2336 factum,
1770 2250 1896 2324 ubi
1942 2252 2033 2323 ab
2084 2251 2307 2344 impio
2359 2275 2550 2324 seras
2600 2253 2866 2326 dicitur
2916 2280 3075 2328 sce-

949 2373 1181 2441 lerum
1217 2393 1461 2462 poenas
1496 2392 1761 2440 numen
1800 2367 2064 2439 iratum
2101 2390 2382 2440 sumere
2404 2378 2457 2440 ⁰.

1054 2601 1426 2672 Hactenus
1478 2599 1568 2670 de
1613 2601 2002 2696 Allegoriae
2048 2624 2192 2671 usu
2238 2611 2348 2672 est
2387 2599 2860 2692 disputatum,
2893 2626 3066 2696 quae

948 2716 1243 2812 quidem
1288 2726 1363 2788 et
1402 2713 1630 2785 nimia
1678 2726 1754 2789 et
1797 2719 2095 2789 molesta
2147 2739 2431 2810 prorsus
2480 2715 2875 2812 judicanda
2927 2731 3062 2804 est,

948 2833 1089 2906 nisi
1113 2857 1268 2906 rem
1292 2844 1420 2906 aut
1445 2833 1892 2927 perspicuam
1921 2834 2148 2929 magis
2174 2834 2450 2921 reddat,
2472 2844 2602 2905 aut
2624 2845 2818 2905 certe
2843 2834 3062 2906 altius

949 2950 1025 3021 in
1079 2960 1392 3022 mentem
1444 2947 1663 3020 faciat
1715 2949 2166 3021 descendere.
2269 2950 2580 3022 Restant
2613 2952 2770 3044 jam
2818 2950 3064 3043 aliqua

950 3065 1040 3135 de
1066 3064 1454 3160 Allegoriae
1486 3070 1871 3135 structura
1902 3087 1988 3134 eo
2021 3064 2259 3136 forsan
2295 3063 2670 3136 admonitu
2706 3062 3059 3159 digniora,

948 3181 1140 3273 quod
1174 3180 1265 3251 ab
1288 3179 1673 3251 illustrium
1700 3179 2151 3272 quorundam
2178 3178 2588 3251 criticorum
2611 3180 2889 3274 judicio
2921 3183 3061 3253 hac

946 3316 1042 3363 ex
1074 3304 1278 3384 parte
1312 3296 1633 3387 paullum
1671 3294 1849 3364 mihi
1882 3292 2260 3366 dissentire
2294 3293 2621 3389 contigit.

1045 3408 1233 3479 Sunt
1264 3408 1605 3480 nimirum
1642 3433 1686 3480 a
1717 3409 1976 3503 quibus
2011 3410 2090 3481 id
2123 3410 2300 3483 vitio
2334 3410 2660 3492 habetur,
2693 3409 2977 3505 quoties
3011 3435 3057 3481 a

944 3523 1363 3614 metaphora
1414 3526 1633 3595 semel
1682 3536 1974 3617 sumpta
2022 3526 2097 3595 in
2155 3527 2370 3597 aliam
2423 3548 2498 3596 se
2558 3526 3051 3617 metaphoram

941 3643 1245 3735 scriptor
1294 3643 1637 3727 conferat,
1688 3654 1818 3715 aut
1870 3655 2246 3738 postquam
2299 3644 2375 3714 in
2429 3642 2713 3736 propria
2745 3644 2967 3713 verba
3009 3668 3052 3714 a

941 3758 1304 3832 translatis
1331 3759 1717 3843 recesserit,
1744 3759 1806 3830 si
1831 3758 1907 3829 in
1943 3761 2438 3853 metaphoram
2472 3761 2692 3831 semel
2724 3757 3048 3830 relictam

1575 4015 1598 4041 Ε
1626 4003 1758 4061 Vid.
1793 4004 1957 4062 Prael.
1988 4002 2158 4062 XXI.
2191 4024 2247 4082 p.
2284 4023 2419 4079 274.
