3559 5575
414 97 635 160 Pam„
671 94 1004 160 XXXII.
1170 98 1299 162 DE
1346 99 1932 164 PHANTASIA.
2401 101 2523 165 411

410 269 518 340 las
548 268 951 353 nobiliores,
986 280 1113 341 aut
1139 270 1230 340 ad
1266 271 1585 342 Deorum
1621 271 1898 342 cultum
1934 294 2018 341 ac
2050 271 2527 344 reverentiam

410 385 806 477 pertinent,
826 385 913 456 iis
948 385 1210 478 passim
1246 397 1580 478 poemata
1612 386 1818 480 quasi
1849 385 2240 458 luminibus
2274 387 2530 459 distin-

412 510 665 596 guant,
715 512 1133 594 mentesque
1185 502 1363 573 adeo
1415 502 1907 594 permulceant
1956 502 2329 587 lectorum,
2382 527 2525 575 non

414 640 669 688 vocum
740 618 952 689 modo
1019 618 1398 701 suavitate,
1454 618 1578 689 sed
1609 628 1946 689 revocata
2005 619 2219 689 simul
2285 643 2526 691 rerum

415 732 778 803 memoria.

515 849 679 929 Qua
730 847 1017 940 quidem
1071 846 1146 916 in
1197 856 1401 938 parte
1450 846 1931 940 principatum
1983 871 2216 930 nemo,
2252 849 2524 942 opinor,

414 962 733 1033 Pindaro
787 961 1212 1057 denegabit3
1272 971 1357 1031 ut
1408 965 1520 1056 cuj
1530 986 1611 1032 us
1669 965 1849 1054 lyrae
1905 963 2304 1056 praesertim
2359 988 2527 1036 con-

412 1080 718 1162 veniret,
752 1086 795 1120 “
820 1079 1019 1150 divos
1070 1102 1469 1172 puerosque
1520 1081 1858 1150 deorum”
1893 1080 2209 1151 carmine
2250 1082 2526 1167 efferre,

411 1206 490 1267 et
523 1196 735 1266 rebus
769 1217 914 1265 non
949 1194 1162 1264 nimis
1208 1217 1252 1265 a
1296 1203 1555 1264 natura
1601 1195 1908 1290 egregiis
1953 1196 2260 1267 colorem
2306 1220 2528 1289 quen-

412 1311 581 1381 dam
617 1311 994 1397 obducere,
1019 1319 1094 1380 et
1122 1311 1569 1403 majestatem
1598 1334 1741 1380 non
1770 1334 1998 1382 suam.
2053 1310 2259 1382 Adeo
2281 1321 2525 1383 autem

414 1436 611 1498 totus
661 1425 735 1497 in
781 1424 1277 1520 hujuscemodi
1323 1427 1770 1520 argumentis
1814 1428 2115 1510 laborat,
2153 1438 2237 1500 ut
2271 1428 2398 1499 vix
2447 1429 2524 1500 in

415 1564 702 1612 carmen
756 1541 1043 1634 aliquod
1093 1539 1408 1611 incidere
1457 1542 1702 1633 possis,
1737 1545 1927 1636 quod
1966 1543 2245 1614 caeteris
2281 1544 2363 1614 fit
2397 1552 2526 1616 aut

413 1656 674 1730 fabulis
708 1656 1130 1740 foecundius,
1165 1667 1293 1727 aut
1326 1656 1599 1728 Divum
1634 1669 1710 1728 et
1744 1661 2042 1729 heroiim
2091 1658 2524 1743 nominibus,

413 1773 646 1855 faetiS‚
682 1770 1054 1866 conjugiis,
1080 1771 1441 1843 amoribus
1477 1772 1706 1866 magis
1740 1774 2163 1844 confertum.
2268 1773 2525 1867 Neque

414 1886 492 1959 id
561 1911 730 1959 sane
797 1887 1183 1957 admodum
1245 1897 1471 1969 curat,
1534 1897 1617 1956 ut
1678 1888 2040 1981 proposito
2094 1889 2525 1974 conducant,

416 2004 631 2074 modo
679 2002 1009 2095 speciosis
1061 2024 1347 2072 carmen
1401 2001 1762 2072 miraculis
1808 2026 2084 2088 ornare,
2118 2012 2194 2075 et
2227 2027 2270 2073 a
2317 2005 2527 2075 rebus

415 2118 816 2214 quotidiani
865 2142 1033 2188 usus
1080 2116 1175 2187 ad
1218 2118 1373 2187 loca
1416 2116 1809 2211 longinqua
1849 2127 1924 2188 et
1956 2117 2102 2188 situ
2135 2118 2528 2192 amoeniora

414 2245 734 2307 mentem
770 2233 990 2326 possit
1023 2233 1394 2303 abducere.

517 2347 924 2420 Consimilis
960 2348 1184 2418 ferme
1217 2355 1326 2418 est
1356 2346 1541 2417 ratio
1578 2347 1992 2419 melicorum
2035 2348 2111 2418 in
2158 2348 2525 2445 tragoediis

414 2462 839 2547 carminum,
876 2486 1040 2555 quae
1074 2462 1147 2531 in
1187 2461 1628 2557 mythologia
1662 2461 2089 2555 explicanda
2133 2464 2524 2555 plurimum

412 2579 737 2650 lascivire
773 2580 1042 2659 solent;
1085 2589 1169 2649 ut
1203 2587 1488 2671 arrepta
1520 2589 1888 2672 utcunque
1922 2603 2015 2650 ex
2048 2579 2291 2651 fabula
2325 2603 2526 2651 occa-

415 2695 612 2766 sione
661 2694 737 2765 in
790 2704 1039 2788 aperta
1089 2696 1246 2764 haec
1297 2693 1529 2788 spatia
1586 2694 1776 2765 illico
1832 2718 1909 2765 se
1959 2697 2353 2778 conferant,
2399 2696 2527 2766 ubi

412 2815 813 2909 phantasiae
881 2815 1023 2886 hue
1090 2814 1259 2885 illuc
1319 2815 1612 2909 vaganti
1682 2812 1867 2884 nihil
1938 2816 2217 2885 obstare
2276 2815 2522 2905 possit.

415 2931 641 3026 Cujus
671 2930 781 3001 rei
813 2930 939 3000 vix
975 2929 1193 3014 aliud,
1228 2928 1290 2999 si
1322 2930 1735 3021 exemplum
1772 2938 2160 3020 quaeratur,
2185 2929 2525 3000 libentius

413 3046 827 3139 proferrem,
880 3069 1097 3140 quam
1157 3043 1646 3115 dulcissimum
1701 3041 1882 3112 illud
1932 3042 2007 3111 in
2060 3043 2324 3134 OEdipo
2375 3043 2528 3136 Ty-

413 3184 662 3243 ranno,
721 3162 914 3254 quod
971 3168 1388 3252 exspectato
1448 3173 1730 3251 pastore
1793 3179 1965 3228 mox
2025 3156 2265 3228 omnia
2322 3167 2525 3250 pate-

412 3276 694 3348 facturo
729 3277 1030 3349 canitur.

675 3476 850 3563 Εἴπερ
882 3477 997 3563 ὂγῶ
1026 3479 1224 3558 μάντις
1256 3479 1367 3560 εἰμὶ

767 3581 882 3642 Καὶ
912 3585 1065 3644 κατὰ
1093 3581 1319 3665 γνώμην
1347 3578 1500 3665 ἴδρις,

761 3685 853 3745 Οὐ
882 3684 976 3745 τὸν
994 3680 1320 3764 Ὄλυμπον,
1350 3681 1609 3766 ἀπείρων,

748 3781 836 3846 Ὤ
867 3783 1169 3872 Κιθαιρὼν,
1203 3789 1302 3847 οὐκ
1332 3783 1442 3847 ἴση

760 3890 816 3949 T
815 3889 883 3949 ἂν
911 3884 1092 3973 αὔριον
1120 3885 1479 3964 πανσᾶληνον,

677 3990 779 4064 Μὴ
809 3991 868 4050 οὖ
898 3986 966 4049 σι’
994 4013 1066 4072 γε
1097 3989 1193 4051 καὶ
1223 3986 1543 4074 πατριώτην
1571 3986 1805 4049 Οἰδίπου

772 4092 887 4154 Καὶ
916 4093 1108 4175 τροφὸν
1141 4093 1235 4154 καὶ
1267 4089 1455 4176 μητᾶρ’
1489 4087 1694 4168 αὔξειν,
