<?xml version="1.0" encoding="UTF-8"?>
<!DOCTYPE html PUBLIC "-//W3C//DTD XHTML 1.0 Transitional//EN"
    "http://www.w3.org/TR/xhtml1/DTD/xhtml1-transitional.dtd">
<html xmlns="http://www.w3.org/1999/xhtml" xml:lang="en" lang="en">
 <head>
  <title>
</title>
<meta http-equiv="Content-Type" content="text/html;charset=utf-8" />
  <meta name='ocr-system' content='tesseract 3.04.00' />
  <meta name='ocr-capabilities' content='ocr_page ocr_carea ocr_par ocr_line ocrx_word'/>
</head>
<body>
  <div class='ocr_page' id='page_1' title='image "./praelectionesac00coplgoog_0427.png"; bbox 0 0 3559 5575; ppageno 0'>
   <div class='ocr_carea' id='block_1_1' title="bbox 933 59 3052 132">
    <p class='ocr_par' dir='ltr' id='par_1_1' title="bbox 933 59 3052 132">
     <span class='ocr_line' id='line_1_1' title="bbox 933 59 3052 132; baseline -0.002 0"><span class='ocrx_word' id='word_1_1' title='bbox 933 67 1064 132; x_wconf 63' lang='lat' dir='ltr'><strong>wo</strong></span> <span class='ocrx_word' id='word_1_2' title='bbox 1645 63 1886 129; x_wconf 87' lang='lat' dir='ltr'>PARS</span> <span class='ocrx_word' id='word_1_3' title='bbox 1935 61 2310 126; x_wconf 86' lang='lat' dir='ltr'><strong>TERTIA</strong></span> <span class='ocrx_word' id='word_1_4' title='bbox 2437 62 2668 125; x_wconf 68' lang='lat' dir='ltr'><strong>Pam..</strong></span> <span class='ocrx_word' id='word_1_5' title='bbox 2697 59 3052 127; x_wconf 87' lang='lat' dir='ltr'><strong>XXXIII.</strong></span> 
     </span>
    </p>
   </div>
   <div class='ocr_carea' id='block_1_2' title="bbox 931 233 3054 907">
    <p class='ocr_par' dir='ltr' id='par_1_2' title="bbox 931 233 3054 907">
     <span class='ocr_line' id='line_1_2' title="bbox 934 233 3052 329; baseline -0.002 -19"><span class='ocrx_word' id='word_1_6' title='bbox 934 240 1108 325; x_wconf 83' lang='lat' dir='ltr'><strong>vim,</strong></span> <span class='ocrx_word' id='word_1_7' title='bbox 1140 237 1295 309; x_wconf 90' lang='lat' dir='ltr'><strong>sine</strong></span> <span class='ocrx_word' id='word_1_8' title='bbox 1328 237 1731 308; x_wconf 83' lang='lat' dir='ltr'><strong>fabularum</strong></span> <span class='ocrx_word' id='word_1_9' title='bbox 1765 260 1922 329; x_wconf 91' lang='lat' dir='ltr'><strong>ope,</strong></span> <span class='ocrx_word' id='word_1_10' title='bbox 1957 235 2326 307; x_wconf 88' lang='lat' dir='ltr'><strong>declarant</strong></span> <span class='ocrx_word' id='word_1_11' title='bbox 2347 233 2662 326; x_wconf 85' lang='lat' dir='ltr'><strong>optime:</strong></span> <span class='ocrx_word' id='word_1_12' title='bbox 2697 237 2915 327; x_wconf 83' lang='lat' dir='ltr'><strong>quale</strong></span> <span class='ocrx_word' id='word_1_13' title='bbox 2939 246 3052 306; x_wconf 87' lang='lat' dir='ltr'><strong>est</strong></span> 
     </span>
     <span class='ocr_line' id='line_1_3' title="bbox 932 349 3054 445; baseline -0.002 -20"><span class='ocrx_word' id='word_1_14' title='bbox 932 354 1114 425; x_wconf 88' lang='lat' dir='ltr'><strong>illud</strong></span> <span class='ocrx_word' id='word_1_15' title='bbox 1145 353 1235 424; x_wconf 86' lang='lat' dir='ltr'><strong>de</strong></span> <span class='ocrx_word' id='word_1_16' title='bbox 1269 352 1551 445; x_wconf 85' lang='lat' dir='ltr'><strong>Sceptri</strong></span> <span class='ocrx_word' id='word_1_17' title='bbox 1581 350 2009 432; x_wconf 80' lang='lat' dir='ltr'><strong>traditione3</strong></span> <span class='ocrx_word' id='word_1_18' title='bbox 2060 373 2213 442; x_wconf 85' lang='lat' dir='ltr'><strong>prae</strong></span> <span class='ocrx_word' id='word_1_19' title='bbox 2247 349 2528 420; x_wconf 85' lang='lat' dir='ltr'><strong>caeteris</strong></span> <span class='ocrx_word' id='word_1_20' title='bbox 2563 360 2809 422; x_wconf 91' lang='lat' dir='ltr'><strong>autem</strong></span> <span class='ocrx_word' id='word_1_21' title='bbox 2848 374 3054 444; x_wconf 85' lang='lat' dir='ltr'><strong>egre·</strong></span> 
     </span>
     <span class='ocr_line' id='line_1_4' title="bbox 931 463 3053 564; baseline -0.002 -25"><span class='ocrx_word' id='word_1_22' title='bbox 931 469 1053 564; x_wconf 80' lang='lat' dir='ltr'><strong>gia</strong></span> <span class='ocrx_word' id='word_1_23' title='bbox 1086 491 1367 560; x_wconf 85' lang='lat' dir='ltr'>semper</span> <span class='ocrx_word' id='word_1_24' title='bbox 1406 466 1648 550; x_wconf 92' lang='lat' dir='ltr'><strong>habui,</strong></span> <span class='ocrx_word' id='word_1_25' title='bbox 1683 490 1849 560; x_wconf 82' lang='lat' dir='ltr'><strong>quae</strong></span> <span class='ocrx_word' id='word_1_26' title='bbox 1884 464 2211 536; x_wconf 87' lang='lat' dir='ltr'><strong>Nestoris</strong></span> <span class='ocrx_word' id='word_1_27' title='bbox 2257 463 2332 533; x_wconf 95' lang='lat' dir='ltr'><strong>in</strong></span> <span class='ocrx_word' id='word_1_28' title='bbox 2369 464 2553 555; x_wconf 84' lang='lat' dir='ltr'><strong>Pylo</strong></span> <span class='ocrx_word' id='word_1_29' title='bbox 2598 463 2874 558; x_wconf 87' lang='lat' dir='ltr'><strong>regiam</strong></span> <span class='ocrx_word' id='word_1_30' title='bbox 2925 465 3053 535; x_wconf 87' lang='lat' dir='ltr'><strong>de-</strong></span> 
     </span>
     <span class='ocr_line' id='line_1_5' title="bbox 933 579 3050 674; baseline -0.001 -19"><span class='ocrx_word' id='word_1_31' title='bbox 933 582 1274 665; x_wconf 84' lang='lat' dir='ltr'><strong>scribunt,</strong></span> <span class='ocrx_word' id='word_1_32' title='bbox 1309 593 1385 653; x_wconf 89' lang='lat' dir='ltr'><strong>et</strong></span> <span class='ocrx_word' id='word_1_33' title='bbox 1416 582 1732 674; x_wconf 87' lang='lat' dir='ltr'><strong>lapideas</strong></span> <span class='ocrx_word' id='word_1_34' title='bbox 1780 591 1951 652; x_wconf 87' lang='lat' dir='ltr'><strong>ante</strong></span> <span class='ocrx_word' id='word_1_35' title='bbox 1998 581 2187 651; x_wconf 83' lang='lat' dir='ltr'><strong>fores</strong></span> <span class='ocrx_word' id='word_1_36' title='bbox 2237 581 2466 663; x_wconf 77' lang='lat' dir='ltr'><strong>sellaS,</strong></span> <span class='ocrx_word' id='word_1_37' title='bbox 2514 579 2640 652; x_wconf 93' lang='lat' dir='ltr'><strong>ubi</strong></span> <span class='ocrx_word' id='word_1_38' title='bbox 2688 603 2846 651; x_wconf 90' lang='lat' dir='ltr'><strong>mos</strong></span> <span class='ocrx_word' id='word_1_39' title='bbox 2891 592 3050 652; x_wconf 86' lang='lat' dir='ltr'><strong>erat</strong></span> 
     </span>
     <span class='ocr_line' id='line_1_6' title="bbox 932 696 3048 792; baseline -0.001 -22"><span class='ocrx_word' id='word_1_40' title='bbox 932 698 1287 792; x_wconf 87' lang='lat' dir='ltr'><strong>principes</strong></span> <span class='ocrx_word' id='word_1_41' title='bbox 1320 698 1510 769; x_wconf 88' lang='lat' dir='ltr'><strong>viros</strong></span> <span class='ocrx_word' id='word_1_42' title='bbox 1541 699 1773 791; x_wconf 89' lang='lat' dir='ltr'><strong>primo</strong></span> <span class='ocrx_word' id='word_1_43' title='bbox 1820 720 2032 768; x_wconf 89' lang='lat' dir='ltr'><strong>mane</strong></span> <span class='ocrx_word' id='word_1_44' title='bbox 2076 719 2348 768; x_wconf 84' lang='lat' dir='ltr'><strong>sessum</strong></span> <span class='ocrx_word' id='word_1_45' title='bbox 2393 696 2521 780; x_wconf 89' lang='lat' dir='ltr'><strong>ire,</strong></span> <span class='ocrx_word' id='word_1_46' title='bbox 2556 706 2773 789; x_wconf 87' lang='lat' dir='ltr'><strong>atque</strong></span> <span class='ocrx_word' id='word_1_47' title='bbox 2820 698 3048 768; x_wconf 84' lang='lat' dir='ltr'><strong>otiose</strong></span> 
     </span>
     <span class='ocr_line' id='line_1_7' title="bbox 932 813 1598 907; baseline -0.003 -22"><span class='ocrx_word' id='word_1_48' title='bbox 932 815 1124 886; x_wconf 88' lang='lat' dir='ltr'><strong>inter</strong></span> <span class='ocrx_word' id='word_1_49' title='bbox 1156 838 1233 886; x_wconf 89' lang='lat' dir='ltr'><strong>se</strong></span> <span class='ocrx_word' id='word_1_50' title='bbox 1266 813 1598 907; x_wconf 88' lang='lat' dir='ltr'><strong>colloqui.</strong></span> 
     </span>
    </p>
   </div>
   <div class='ocr_carea' id='block_1_3' title="bbox 1097 987 2996 1791">
    <p class='ocr_par' dir='ltr' id='par_1_3' title="bbox 1097 987 2469 1078">
     <span class='ocr_line' id='line_1_8' title="bbox 1097 987 2469 1078; baseline -0.004 -22"><span class='ocrx_word' id='word_1_51' title='bbox 1097 991 1293 1073; x_wconf 68' lang='grc' dir='ltr'><strong>Ἠμος</strong></span> <span class='ocrx_word' id='word_1_52' title='bbox 1323 994 1367 1055; x_wconf 80' lang='grc' dir='ltr'><strong>δ’</strong></span> <span class='ocrx_word' id='word_1_53' title='bbox 1396 991 1668 1078; x_wconf 77' lang='grc' dir='ltr'><strong><em>ἠριγένεια</em></strong></span> <span class='ocrx_word' id='word_1_54' title='bbox 1698 988 1835 1072; x_wconf 71' lang='grc' dir='ltr'><strong><em>φάνη</em></strong></span> <span class='ocrx_word' id='word_1_55' title='bbox 1866 988 2261 1072; x_wconf 74' lang='grc' dir='ltr'><strong>ῥοδοδάκτυλος</strong></span> <span class='ocrx_word' id='word_1_56' title='bbox 2289 987 2469 1066; x_wconf 67' lang='grc' dir='ltr'><strong>Ἠὼς,</strong></span> 
     </span>
    </p>

    <p class='ocr_par' dir='ltr' id='par_1_4' title="bbox 1099 1089 2559 1181">
     <span class='ocr_line' id='line_1_9' title="bbox 1099 1089 2559 1181; baseline -0.004 -22"><span class='ocrx_word' id='word_1_57' title='bbox 1099 1094 1332 1180; x_wconf 80' lang='grc' dir='ltr'><strong>Ὦρνυτ’</strong></span> <span class='ocrx_word' id='word_1_58' title='bbox 1364 1093 1453 1181; x_wconf 60' lang='grc' dir='ltr'><strong>ἀρ’</strong></span> <span class='ocrx_word' id='word_1_59' title='bbox 1486 1095 1549 1170; x_wconf 73' lang='grc' dir='ltr'><strong>ἐξ</strong></span> <span class='ocrx_word' id='word_1_60' title='bbox 1577 1096 1751 1171; x_wconf 76' lang='grc' dir='ltr'><strong>εὐνῆφι</strong></span> <span class='ocrx_word' id='word_1_61' title='bbox 1783 1091 2032 1175; x_wconf 86' lang='grc' dir='ltr'><strong>Γερῆνιος</strong></span> <span class='ocrx_word' id='word_1_62' title='bbox 2064 1091 2269 1154; x_wconf 67' lang='grc' dir='ltr'><strong>ἱππότα</strong></span> <span class='ocrx_word' id='word_1_63' title='bbox 2296 1089 2559 1175; x_wconf 74' lang='grc' dir='ltr'><strong>Νέστωρ·</strong></span> 
     </span>
    </p>

    <p class='ocr_par' dir='ltr' id='par_1_5' title="bbox 1107 1190 2630 1280">
     <span class='ocr_line' id='line_1_10' title="bbox 1107 1190 2630 1280; baseline -0.003 -20"><span class='ocrx_word' id='word_1_64' title='bbox 1107 1199 1220 1260; x_wconf 79' lang='grc' dir='ltr'><strong>Ἐκ</strong></span> <span class='ocrx_word' id='word_1_65' title='bbox 1252 1190 1303 1258; x_wconf 81' lang='grc' dir='ltr'><strong>δ”</strong></span> <span class='ocrx_word' id='word_1_66' title='bbox 1327 1193 1512 1275; x_wconf 67' lang='grc' dir='ltr'><strong>ἐλθὼν,</strong></span> <span class='ocrx_word' id='word_1_67' title='bbox 1543 1196 1670 1257; x_wconf 82' lang='grc' dir='ltr'><strong>κατ’</strong></span> <span class='ocrx_word' id='word_1_68' title='bbox 1701 1193 1786 1280; x_wconf 83' lang='grc' dir='ltr'><strong>ἀρ’</strong></span> <span class='ocrx_word' id='word_1_69' title='bbox 1818 1193 1953 1274; x_wconf 79' lang='grc' dir='ltr'><strong>ἕζετ’</strong></span> <span class='ocrx_word' id='word_1_70' title='bbox 1984 1193 2070 1255; x_wconf 67' lang='grc' dir='ltr'><strong>ἐπὶ</strong></span> <span class='ocrx_word' id='word_1_71' title='bbox 2100 1195 2350 1270; x_wconf 77' lang='grc' dir='ltr'><strong>ξεστοῖσι</strong></span> <span class='ocrx_word' id='word_1_72' title='bbox 2379 1193 2630 1272; x_wconf 78' lang='grc' dir='ltr'><strong>λίθοισιν,</strong></span> 
     </span>
    </p>

    <p class='ocr_par' dir='ltr' id='par_1_6' title="bbox 1108 1293 2335 1382">
     <span class='ocr_line' id='line_1_11' title="bbox 1108 1293 2335 1382; baseline -0.006 -18"><span class='ocrx_word' id='word_1_73' title='bbox 1108 1300 1197 1365; x_wconf 71' lang='grc' dir='ltr'><strong>Οἵ</strong></span> <span class='ocrx_word' id='word_1_74' title='bbox 1219 1306 1267 1363; x_wconf 79' lang='grc' dir='ltr'><strong>οἶ</strong></span> <span class='ocrx_word' id='word_1_75' title='bbox 1297 1299 1430 1362; x_wconf 73' lang='grc' dir='ltr'><strong>ἔσαν</strong></span> <span class='ocrx_word' id='word_1_76' title='bbox 1456 1296 1779 1382; x_wconf 72' lang='grc' dir='ltr'><strong>προπάροιθε</strong></span> <span class='ocrx_word' id='word_1_77' title='bbox 1810 1295 2014 1380; x_wconf 77' lang='grc' dir='ltr'><strong><em>θυράων</em></strong></span> <span class='ocrx_word' id='word_1_78' title='bbox 2043 1293 2335 1372; x_wconf 75' lang='grc' dir='ltr'><strong>ὑψηλάων,</strong></span> 
     </span>
    </p>

    <p class='ocr_par' dir='ltr' id='par_1_7' title="bbox 1105 1396 2996 1584">
     <span class='ocr_line' id='line_1_12' title="bbox 1107 1396 2996 1480; baseline -0.003 -13"><span class='ocrx_word' id='word_1_79' title='bbox 1107 1403 1338 1480; x_wconf 65' lang='lat' dir='ltr'><strong>Ammoi,</strong></span> <span class='ocrx_word' id='word_1_80' title='bbox 1368 1399 1808 1477; x_wconf 74' lang='grc' dir='ltr'><strong>ἀποστίλβοντες</strong></span> <span class='ocrx_word' id='word_1_81' title='bbox 1836 1396 2158 1477; x_wconf 73' lang='grc' dir='ltr'><strong>ἀλείφατος·</strong></span> <span class='ocrx_word' id='word_1_82' title='bbox 2203 1399 2353 1463; x_wconf 82' lang='grc' dir='ltr'><strong>ΟΙΣ</strong></span> <span class='ocrx_word' id='word_1_83' title='bbox 2382 1401 2532 1459; x_wconf 85' lang='lat' dir='ltr'><strong>Em</strong></span> <span class='ocrx_word' id='word_1_84' title='bbox 2565 1401 2753 1460; x_wconf 82' lang='grc' dir='ltr'><strong>ΜΕΝ</strong></span> <span class='ocrx_word' id='word_1_85' title='bbox 2787 1402 2996 1462; x_wconf 85' lang='grc' dir='ltr'>ΠΡΙΝ</span> 
     </span>
     <span class='ocr_line' id='line_1_13' title="bbox 1105 1498 2726 1584; baseline -0.003 -17"><span class='ocrx_word' id='word_1_86' title='bbox 1105 1504 1459 1567; x_wconf 74' lang='grc' dir='ltr'><strong>ΝΗΛΕΤΣ</strong></span> <span class='ocrx_word' id='word_1_87' title='bbox 1473 1498 1901 1579; x_wconf 77' lang='grc' dir='ltr'><strong>ἿΖΕΣΚΕΝ,</strong></span> <span class='ocrx_word' id='word_1_88' title='bbox 1934 1499 2103 1580; x_wconf 73' lang='grc' dir='ltr'><strong><em>θεόφιν</em></strong></span> <span class='ocrx_word' id='word_1_89' title='bbox 2128 1500 2362 1584; x_wconf 76' lang='grc' dir='ltr'><strong>μήστωρ</strong></span> <span class='ocrx_word' id='word_1_90' title='bbox 2384 1499 2726 1574; x_wconf 76' lang='grc' dir='ltr'><strong>ἀτάλαντος·</strong></span> 
     </span>
    </p>

    <p class='ocr_par' dir='ltr' id='par_1_8' title="bbox 1102 1601 2489 1686">
     <span class='ocr_line' id='line_1_14' title="bbox 1102 1601 2489 1686; baseline -0.003 -17"><span class='ocrx_word' id='word_1_91' title='bbox 1102 1607 1273 1669; x_wconf 81' lang='grc' dir='ltr'><strong>Ἀλλ’</strong></span> <span class='ocrx_word' id='word_1_92' title='bbox 1305 1609 1332 1666; x_wconf 80' lang='grc' dir='ltr'>ὀ</span> <span class='ocrx_word' id='word_1_93' title='bbox 1360 1605 1464 1684; x_wconf 70' lang='grc' dir='ltr'><strong>μὲν</strong></span> <span class='ocrx_word' id='word_1_94' title='bbox 1492 1603 1585 1679; x_wconf 79' lang='grc' dir='ltr'><strong>ἤδη</strong></span> <span class='ocrx_word' id='word_1_95' title='bbox 1617 1607 1739 1686; x_wconf 71' lang='grc' dir='ltr'><strong>κηρὶ</strong></span> <span class='ocrx_word' id='word_1_96' title='bbox 1770 1602 1962 1683; x_wconf 67' lang='grc' dir='ltr'><strong>δαμεὶς</strong></span> <span class='ocrx_word' id='word_1_97' title='bbox 1992 1601 2208 1665; x_wconf 73' lang='grc' dir='ltr'><strong>ἀϊὸόσδε</strong></span> <span class='ocrx_word' id='word_1_98' title='bbox 2237 1603 2489 1679; x_wconf 81' lang='grc' dir='ltr'><strong>βεβῆκει.</strong></span> 
     </span>
    </p>

    <p class='ocr_par' dir='ltr' id='par_1_9' title="bbox 1106 1702 2562 1791">
     <span class='ocr_line' id='line_1_15' title="bbox 1106 1702 2562 1791; baseline -0.004 -19"><span class='ocrx_word' id='word_1_99' title='bbox 1106 1708 1345 1791; x_wconf 75' lang='grc' dir='ltr'><strong>Νέστωρ</strong></span> <span class='ocrx_word' id='word_1_100' title='bbox 1376 1705 1448 1770; x_wconf 78' lang='grc' dir='ltr'><strong>αὖ</strong></span> <span class='ocrx_word' id='word_1_101' title='bbox 1478 1704 1593 1769; x_wconf 81' lang='grc' dir='ltr'><strong>τότ’</strong></span> <span class='ocrx_word' id='word_1_102' title='bbox 1625 1704 1768 1789; x_wconf 80' lang='grc' dir='ltr'><strong>ἔφιζε</strong></span> <span class='ocrx_word' id='word_1_103' title='bbox 1800 1705 2071 1791; x_wconf 76' lang='grc' dir='ltr'><strong>Γερήνιος,</strong></span> <span class='ocrx_word' id='word_1_104' title='bbox 2101 1702 2251 1790; x_wconf 73' lang='grc' dir='ltr'><strong>οὗςος</strong></span> <span class='ocrx_word' id='word_1_105' title='bbox 2277 1705 2562 1789; x_wconf 79' lang='grc' dir='ltr'><strong><em>Ἀχαιῶν,</em></strong></span> 
     </span>
    </p>
   </div>
   <div class='ocr_carea' id='block_1_4' title="bbox 1105 1808 2953 1899">
    <p class='ocr_par' dir='ltr' id='par_1_10' title="bbox 1105 1808 2953 1899">
     <span class='ocr_line' id='line_1_16' title="bbox 1105 1808 2953 1899; baseline -0.003 -23"><span class='ocrx_word' id='word_1_106' title='bbox 1105 1811 1401 1899; x_wconf 58' lang='lat' dir='ltr'><strong>Eximi-gor</strong></span> <span class='ocrx_word' id='word_1_107' title='bbox 1433 1808 1599 1895; x_wconf 76' lang='grc' dir='ltr'><strong><em>ἔχων·</em></strong></span> <span class='ocrx_word' id='word_1_108' title='bbox 2539 1809 2668 1871; x_wconf 84' lang='lat' dir='ltr'><strong>On.</strong></span> <span class='ocrx_word' id='word_1_109' title='bbox 2700 1813 2768 1872; x_wconf 88' lang='grc' dir='ltr'><strong>Γ.</strong></span> <span class='ocrx_word' id='word_1_110' title='bbox 2804 1810 2953 1872; x_wconf 80' lang='grc'><strong>405.</strong></span> 
     </span>
    </p>
   </div>
   <div class='ocr_carea' id='block_1_5' title="bbox 933 1976 3046 3450">
    <p class='ocr_par' dir='ltr' id='par_1_11' title="bbox 934 1976 3044 2297">
     <span class='ocr_line' id='line_1_17' title="bbox 934 1976 3044 2072; baseline 0.001 -20"><span class='ocrx_word' id='word_1_111' title='bbox 934 1978 1211 2053; x_wconf 82' lang='lat' dir='ltr'><strong>Similia</strong></span> <span class='ocrx_word' id='word_1_112' title='bbox 1267 1979 1493 2049; x_wconf 85' lang='lat' dir='ltr'><strong>ferme</strong></span> <span class='ocrx_word' id='word_1_113' title='bbox 1552 1987 1721 2049; x_wconf 90' lang='lat' dir='ltr'><strong>sunt</strong></span> <span class='ocrx_word' id='word_1_114' title='bbox 1772 1977 2120 2061; x_wconf 85' lang='lat' dir='ltr'><strong>Evandri,</strong></span> <span class='ocrx_word' id='word_1_115' title='bbox 2172 1976 2430 2072; x_wconf 90' lang='lat' dir='ltr'><strong>quibus</strong></span> <span class='ocrx_word' id='word_1_116' title='bbox 2486 1978 2788 2050; x_wconf 84' lang='lat' dir='ltr'><strong>AEneam</strong></span> <span class='ocrx_word' id='word_1_117' title='bbox 2845 1991 3044 2054; x_wconf 84' lang='lat' dir='ltr'><strong>tecto</strong></span> 
     </span>
     <span class='ocr_line' id='line_1_18' title="bbox 935 2093 1697 2168; baseline -0.005 0"><span class='ocrx_word' id='word_1_118' title='bbox 935 2098 1360 2168; x_wconf 79' lang='lat' dir='ltr'><strong>subeuntem</strong></span> <span class='ocrx_word' id='word_1_119' title='bbox 1394 2093 1697 2165; x_wconf 83' lang='lat' dir='ltr'><strong>affatur:</strong></span> 
     </span>
     <span class='ocr_line' id='line_1_19' title="bbox 1453 2210 2377 2297; baseline 0 -21"><span class='ocrx_word' id='word_1_120' title='bbox 1453 2213 1641 2290; x_wconf 83' lang='lat' dir='ltr'><strong>Haec,</strong></span> <span class='ocrx_word' id='word_1_121' title='bbox 1672 2211 1902 2297; x_wconf 88' lang='lat' dir='ltr'><strong>inquit,</strong></span> <span class='ocrx_word' id='word_1_122' title='bbox 1934 2210 2151 2276; x_wconf 85' lang='lat' dir='ltr'><strong>limina</strong></span> <span class='ocrx_word' id='word_1_123' title='bbox 2180 2211 2377 2276; x_wconf 84' lang='lat' dir='ltr'><strong>victor</strong></span> 
     </span>
    </p>

    <p class='ocr_par' dir='ltr' id='par_1_12' title="bbox 933 2312 3046 3450">
     <span class='ocr_line' id='line_1_20' title="bbox 1110 2312 2388 2401; baseline -0.001 -22"><span class='ocrx_word' id='word_1_124' title='bbox 1110 2314 1359 2380; x_wconf 84' lang='lat' dir='ltr'><strong>Alcides</strong></span> <span class='ocrx_word' id='word_1_125' title='bbox 1386 2313 1599 2394; x_wconf 87' lang='lat' dir='ltr'><strong>subiit,</strong></span> <span class='ocrx_word' id='word_1_126' title='bbox 1630 2313 1767 2378; x_wconf 83' lang='lat' dir='ltr'><strong>haec</strong></span> <span class='ocrx_word' id='word_1_127' title='bbox 1796 2312 1975 2378; x_wconf 91' lang='lat' dir='ltr'><strong>illum</strong></span> <span class='ocrx_word' id='word_1_128' title='bbox 2003 2314 2178 2400; x_wconf 86' lang='lat' dir='ltr'><strong>regia</strong></span> <span class='ocrx_word' id='word_1_129' title='bbox 2202 2314 2388 2401; x_wconf 87' lang='lat' dir='ltr'><strong>cepit.</strong></span> 
     </span>
     <span class='ocr_line' id='line_1_21' title="bbox 934 2427 3044 2520; baseline 0 -20"><span class='ocrx_word' id='word_1_130' title='bbox 934 2429 1043 2501; x_wconf 92' lang='lat' dir='ltr'><strong>At</strong></span> <span class='ocrx_word' id='word_1_131' title='bbox 1075 2430 1395 2500; x_wconf 89' lang='lat' dir='ltr'><strong>locorum</strong></span> <span class='ocrx_word' id='word_1_132' title='bbox 1430 2427 1552 2498; x_wconf 91' lang='lat' dir='ltr'><strong>ubi</strong></span> <span class='ocrx_word' id='word_1_133' title='bbox 1587 2436 1938 2498; x_wconf 88' lang='lat' dir='ltr'><strong>monstrat</strong></span> <span class='ocrx_word' id='word_1_134' title='bbox 1964 2427 2181 2498; x_wconf 89' lang='lat' dir='ltr'><strong>situm</strong></span> <span class='ocrx_word' id='word_1_135' title='bbox 2207 2429 2365 2520; x_wconf 88' lang='lat' dir='ltr'><strong>jam</strong></span> <span class='ocrx_word' id='word_1_136' title='bbox 2399 2428 2683 2520; x_wconf 86' lang='lat' dir='ltr'><strong>palatiis</strong></span> <span class='ocrx_word' id='word_1_137' title='bbox 2716 2440 3044 2501; x_wconf 83' lang='lat' dir='ltr'><strong>exstruc-</strong></span> 
     </span>
     <span class='ocr_line' id='line_1_22' title="bbox 933 2542 3041 2638; baseline 0 -22"><span class='ocrx_word' id='word_1_138' title='bbox 933 2555 1115 2625; x_wconf 87' lang='lat' dir='ltr'><strong>tum,</strong></span> <span class='ocrx_word' id='word_1_139' title='bbox 1151 2545 1400 2614; x_wconf 87' lang='lat' dir='ltr'><strong>collem</strong></span> <span class='ocrx_word' id='word_1_140' title='bbox 1435 2566 1693 2636; x_wconf 90' lang='lat' dir='ltr'><strong>nempe</strong></span> <span class='ocrx_word' id='word_1_141' title='bbox 1726 2542 2199 2625; x_wconf 84' lang='lat' dir='ltr'><strong>Aventinum,</strong></span> <span class='ocrx_word' id='word_1_142' title='bbox 2230 2555 2306 2614; x_wconf 87' lang='lat' dir='ltr'><strong>et</strong></span> <span class='ocrx_word' id='word_1_143' title='bbox 2332 2544 2766 2636; x_wconf 81' lang='lat' dir='ltr'><strong>Capitolium</strong></span> <span class='ocrx_word' id='word_1_144' title='bbox 2803 2545 3041 2638; x_wconf 84' lang='lat' dir='ltr'><strong>ipsum</strong></span> 
     </span>
     <span class='ocr_line' id='line_1_23' title="bbox 934 2657 3044 2754; baseline 0.002 -25"><span class='ocrx_word' id='word_1_145' title='bbox 934 2658 1172 2729; x_wconf 90' lang='lat' dir='ltr'><strong>dumis</strong></span> <span class='ocrx_word' id='word_1_146' title='bbox 1206 2657 1596 2739; x_wconf 90' lang='lat' dir='ltr'><strong>horridum,</strong></span> <span class='ocrx_word' id='word_1_147' title='bbox 1630 2657 1812 2727; x_wconf 90' lang='lat' dir='ltr'><strong>nihil</strong></span> <span class='ocrx_word' id='word_1_148' title='bbox 1845 2659 2164 2748; x_wconf 88' lang='lat' dir='ltr'><strong>profecto</strong></span> <span class='ocrx_word' id='word_1_149' title='bbox 2207 2658 2403 2730; x_wconf 90' lang='lat' dir='ltr'><strong>aliud</strong></span> <span class='ocrx_word' id='word_1_150' title='bbox 2447 2659 2600 2754; x_wconf 83' lang='lat' dir='ltr'><strong>agit</strong></span> <span class='ocrx_word' id='word_1_151' title='bbox 2632 2671 2868 2752; x_wconf 82' lang='lat' dir='ltr'><strong>poeta,</strong></span> <span class='ocrx_word' id='word_1_152' title='bbox 2901 2661 3044 2733; x_wconf 89' lang='lat' dir='ltr'><strong>nisi</strong></span> 
     </span>
     <span class='ocr_line' id='line_1_24' title="bbox 933 2772 3042 2869; baseline 0.001 -22"><span class='ocrx_word' id='word_1_153' title='bbox 933 2784 1019 2847; x_wconf 92' lang='lat' dir='ltr'><strong>ut</strong></span> <span class='ocrx_word' id='word_1_154' title='bbox 1043 2799 1171 2868; x_wconf 87' lang='lat' dir='ltr'><strong>per</strong></span> <span class='ocrx_word' id='word_1_155' title='bbox 1201 2772 1648 2869; x_wconf 81' lang='lat' dir='ltr'><strong>longinquoS,</strong></span> <span class='ocrx_word' id='word_1_156' title='bbox 1673 2782 1947 2845; x_wconf 86' lang='lat' dir='ltr'><strong>tractus</strong></span> <span class='ocrx_word' id='word_1_157' title='bbox 1981 2775 2320 2867; x_wconf 87' lang='lat' dir='ltr'><strong>temporis</strong></span> <span class='ocrx_word' id='word_1_158' title='bbox 2346 2786 2420 2848; x_wconf 91' lang='lat' dir='ltr'><strong>et</strong></span> <span class='ocrx_word' id='word_1_159' title='bbox 2447 2777 2602 2847; x_wconf 90' lang='lat' dir='ltr'><strong>loca</strong></span> <span class='ocrx_word' id='word_1_160' title='bbox 2627 2777 3042 2862; x_wconf 82' lang='lat' dir='ltr'><strong>amoeniora,</strong></span> 
     </span>
     <span class='ocr_line' id='line_1_25' title="bbox 934 2888 3045 2986; baseline 0.001 -23"><span class='ocrx_word' id='word_1_161' title='bbox 934 2901 1186 2984; x_wconf 80' lang='lat' dir='ltr'><strong>utpote</strong></span> <span class='ocrx_word' id='word_1_162' title='bbox 1232 2890 1467 2961; x_wconf 86' lang='lat' dir='ltr'><strong>minus</strong></span> <span class='ocrx_word' id='word_1_163' title='bbox 1515 2914 1647 2961; x_wconf 91' lang='lat' dir='ltr'><strong>usu</strong></span> <span class='ocrx_word' id='word_1_164' title='bbox 1694 2888 2003 2985; x_wconf 87' lang='lat' dir='ltr'><strong>cognita,</strong></span> <span class='ocrx_word' id='word_1_165' title='bbox 2038 2914 2167 2961; x_wconf 91' lang='lat' dir='ltr'><strong>nos</strong></span> <span class='ocrx_word' id='word_1_166' title='bbox 2212 2915 2448 2963; x_wconf 85' lang='lat' dir='ltr'><strong>errare</strong></span> <span class='ocrx_word' id='word_1_167' title='bbox 2482 2892 2741 2964; x_wconf 87' lang='lat' dir='ltr'><strong>animis</strong></span> <span class='ocrx_word' id='word_1_168' title='bbox 2774 2904 2851 2966; x_wconf 89' lang='lat' dir='ltr'><strong>et</strong></span> <span class='ocrx_word' id='word_1_169' title='bbox 2883 2918 3045 2986; x_wconf 88' lang='lat' dir='ltr'><strong>per-</strong></span> 
     </span>
     <span class='ocr_line' id='line_1_26' title="bbox 934 3006 3046 3103; baseline 0.001 -25"><span class='ocrx_word' id='word_1_170' title='bbox 934 3008 1181 3103; x_wconf 83' lang='lat' dir='ltr'><strong>vagari</strong></span> <span class='ocrx_word' id='word_1_171' title='bbox 1230 3007 1471 3079; x_wconf 86' lang='lat' dir='ltr'><strong>faciat.</strong></span> <span class='ocrx_word' id='word_1_172' title='bbox 1575 3006 1832 3099; x_wconf 90' lang='lat' dir='ltr'><strong>Neque</strong></span> <span class='ocrx_word' id='word_1_173' title='bbox 1878 3006 2213 3078; x_wconf 79' lang='lat' dir='ltr'><strong>enim‘ad</strong></span> <span class='ocrx_word' id='word_1_174' title='bbox 2243 3009 2497 3079; x_wconf 89' lang='lat' dir='ltr'><strong>rudem</strong></span> <span class='ocrx_word' id='word_1_175' title='bbox 2534 3006 2793 3080; x_wconf 83' lang='lat' dir='ltr'><strong>Romae</strong></span> <span class='ocrx_word' id='word_1_176' title='bbox 2828 3012 3046 3082; x_wconf 90' lang='lat' dir='ltr'><strong>modo</strong></span> 
     </span>
     <span class='ocr_line' id='line_1_27' title="bbox 934 3122 3045 3220; baseline 0.001 -25"><span class='ocrx_word' id='word_1_177' title='bbox 934 3124 1254 3195; x_wconf 86' lang='lat' dir='ltr'><strong>ascendit</strong></span> <span class='ocrx_word' id='word_1_178' title='bbox 1289 3122 1659 3218; x_wconf 84' lang='lat' dir='ltr'><strong>originem,</strong></span> <span class='ocrx_word' id='word_1_179' title='bbox 1695 3145 1943 3192; x_wconf 84' lang='lat' dir='ltr'><strong>verum</strong></span> <span class='ocrx_word' id='word_1_180' title='bbox 1980 3122 2197 3194; x_wconf 89' lang='lat' dir='ltr'><strong>etiam</strong></span> <span class='ocrx_word' id='word_1_181' title='bbox 2237 3125 2542 3220; x_wconf 85' lang='lat' dir='ltr'><strong>vestigia</strong></span> <span class='ocrx_word' id='word_1_182' title='bbox 2583 3125 2867 3197; x_wconf 82' lang='lat' dir='ltr'><strong>urbium</strong></span> <span class='ocrx_word' id='word_1_183' title='bbox 2911 3152 3045 3197; x_wconf 87' lang='lat' dir='ltr'><strong>an-</strong></span> 
     </span>
     <span class='ocr_line' id='line_1_28' title="bbox 934 3237 3045 3335; baseline 0.001 -24"><span class='ocrx_word' id='word_1_184' title='bbox 934 3239 1350 3332; x_wconf 90' lang='lat' dir='ltr'><strong>tiquiorum,</strong></span> <span class='ocrx_word' id='word_1_185' title='bbox 1386 3237 1706 3310; x_wconf 84' lang='lat' dir='ltr'><strong>Evandri</strong></span> <span class='ocrx_word' id='word_1_186' title='bbox 1761 3261 1918 3308; x_wconf 84' lang='lat' dir='ltr'><strong>aevo</strong></span> <span class='ocrx_word' id='word_1_187' title='bbox 1967 3237 2191 3308; x_wconf 90' lang='lat' dir='ltr'><strong>ruinis</strong></span> <span class='ocrx_word' id='word_1_188' title='bbox 2231 3240 2657 3333; x_wconf 87' lang='lat' dir='ltr'><strong>jacentium,</strong></span> <span class='ocrx_word' id='word_1_189' title='bbox 2689 3243 2890 3335; x_wconf 87' lang='lat' dir='ltr'><strong>quasi</strong></span> <span class='ocrx_word' id='word_1_190' title='bbox 2938 3244 3045 3313; x_wconf 86' lang='lat' dir='ltr'><strong>al-</strong></span> 
     </span>
     <span class='ocr_line' id='line_1_29' title="bbox 937 3354 2751 3450; baseline 0.001 -23"><span class='ocrx_word' id='word_1_191' title='bbox 937 3356 1159 3427; x_wconf 88' lang='lat' dir='ltr'><strong>terius</strong></span> <span class='ocrx_word' id='word_1_192' title='bbox 1196 3355 1447 3428; x_wconf 89' lang='lat' dir='ltr'><strong>mundi</strong></span> <span class='ocrx_word' id='word_1_193' title='bbox 1481 3354 1808 3438; x_wconf 88' lang='lat' dir='ltr'><strong>confinia,</strong></span> <span class='ocrx_word' id='word_1_194' title='bbox 1844 3355 2064 3427; x_wconf 91' lang='lat' dir='ltr'><strong>oculis</strong></span> <span class='ocrx_word' id='word_1_195' title='bbox 2095 3357 2468 3428; x_wconf 85' lang='lat' dir='ltr'><strong>lustranda</strong></span> <span class='ocrx_word' id='word_1_196' title='bbox 2502 3358 2751 3450; x_wconf 90' lang='lat' dir='ltr'><strong>aperit.</strong></span> 
     </span>
    </p>
   </div>
   <div class='ocr_carea' id='block_1_6' title="bbox 1106 3530 2888 4010">
    <p class='ocr_par' dir='ltr' id='par_1_13' title="bbox 1106 3530 2888 4010">
     <span class='ocr_line' id='line_1_30' title="bbox 1111 3530 2575 3620; baseline 0.001 -24"><span class='ocrx_word' id='word_1_197' title='bbox 1111 3533 1273 3596; x_wconf 85' lang='lat' dir='ltr'><strong>Haec</strong></span> <span class='ocrx_word' id='word_1_198' title='bbox 1303 3530 1435 3594; x_wconf 89' lang='lat' dir='ltr'><strong>duo</strong></span> <span class='ocrx_word' id='word_1_199' title='bbox 1464 3544 1767 3618; x_wconf 77' lang='lat' dir='ltr'><strong>praeterea</strong></span> <span class='ocrx_word' id='word_1_200' title='bbox 1795 3532 2068 3619; x_wconf 84' lang='lat' dir='ltr'><strong>disjectis</strong></span> <span class='ocrx_word' id='word_1_201' title='bbox 2092 3533 2329 3620; x_wconf 87' lang='lat' dir='ltr'><strong>oppida</strong></span> <span class='ocrx_word' id='word_1_202' title='bbox 2357 3535 2575 3612; x_wconf 85' lang='lat' dir='ltr'><strong>muris,</strong></span> 
     </span>
     <span class='ocr_line' id='line_1_31' title="bbox 1108 3623 2846 3723; baseline 0.003 -25"><span class='ocrx_word' id='word_1_203' title='bbox 1108 3631 1458 3720; x_wconf 86' lang='lat' dir='ltr'><strong>Relliquias</strong></span> <span class='ocrx_word' id='word_1_204' title='bbox 1488 3649 1900 3723; x_wconf 83' lang='lat' dir='ltr'><strong>veterumque</strong></span> <span class='ocrx_word' id='word_1_205' title='bbox 1929 3634 2104 3699; x_wconf 83' lang='lat' dir='ltr'><strong>vides</strong></span> <span class='ocrx_word' id='word_1_206' title='bbox 2132 3623 2517 3719; x_wconf 74' lang='lat' dir='ltr'><strong>monimenta</strong></span> <span class='ocrx_word' id='word_1_207' title='bbox 2546 3637 2846 3703; x_wconf 83' lang='lat' dir='ltr'><strong>virorum.</strong></span> 
     </span>
     <span class='ocr_line' id='line_1_32' title="bbox 1109 3738 2888 3824; baseline 0.003 -22"><span class='ocrx_word' id='word_1_208' title='bbox 1109 3739 1299 3802; x_wconf 90' lang='lat' dir='ltr'><strong>Hanc</strong></span> <span class='ocrx_word' id='word_1_209' title='bbox 1326 3738 1373 3800; x_wconf 89' lang='lat' dir='ltr'><strong>J</strong></span> <span class='ocrx_word' id='word_1_210' title='bbox 1375 3759 1534 3800; x_wconf 86' lang='lat' dir='ltr'><strong>anus</strong></span> <span class='ocrx_word' id='word_1_211' title='bbox 1561 3752 1762 3824; x_wconf 85' lang='lat' dir='ltr'><strong>pater,</strong></span> <span class='ocrx_word' id='word_1_212' title='bbox 1793 3738 1955 3802; x_wconf 89' lang='lat' dir='ltr'><strong>hanc</strong></span> <span class='ocrx_word' id='word_1_213' title='bbox 1987 3740 2298 3803; x_wconf 89' lang='lat' dir='ltr'><strong>Saturnus</strong></span> <span class='ocrx_word' id='word_1_214' title='bbox 2323 3740 2604 3805; x_wconf 88' lang='lat' dir='ltr'><strong>condidit</strong></span> <span class='ocrx_word' id='word_1_215' title='bbox 2634 3742 2888 3809; x_wconf 88' lang='lat' dir='ltr'><strong>urbem:</strong></span> 
     </span>
     <span class='ocr_line' id='line_1_33' title="bbox 1106 3839 2633 3919; baseline 0.003 -16"><span class='ocrx_word' id='word_1_216' title='bbox 1106 3842 1153 3904; x_wconf 89' lang='lat' dir='ltr'><strong>J</strong></span> <span class='ocrx_word' id='word_1_217' title='bbox 1156 3839 1473 3904; x_wconf 86' lang='lat' dir='ltr'><strong>aniculum</strong></span> <span class='ocrx_word' id='word_1_218' title='bbox 1505 3839 1676 3919; x_wconf 88' lang='lat' dir='ltr'><strong>huic,</strong></span> <span class='ocrx_word' id='word_1_219' title='bbox 1706 3840 1796 3904; x_wconf 83' lang='lat' dir='ltr'><strong>illi</strong></span> <span class='ocrx_word' id='word_1_220' title='bbox 1825 3842 2032 3905; x_wconf 84' lang='lat' dir='ltr'><strong>fuerat</strong></span> <span class='ocrx_word' id='word_1_221' title='bbox 2065 3842 2361 3906; x_wconf 82' lang='lat' dir='ltr'><strong>Saturnia</strong></span> <span class='ocrx_word' id='word_1_222' title='bbox 2388 3865 2633 3909; x_wconf 88' lang='lat' dir='ltr'><strong>nomen.</strong></span> 
     </span>
     <span class='ocr_line' id='line_1_34' title="bbox 1109 3942 2499 4010; baseline 0.004 -5"><span class='ocrx_word' id='word_1_223' title='bbox 1109 3942 1379 4008; x_wconf 82' lang='lat' dir='ltr'><strong>Talibus</strong></span> <span class='ocrx_word' id='word_1_224' title='bbox 1404 3942 1566 4008; x_wconf 85' lang='lat' dir='ltr'><strong>inter</strong></span> <span class='ocrx_word' id='word_1_225' title='bbox 1594 3967 1660 4007; x_wconf 89' lang='lat' dir='ltr'><strong>se</strong></span> <span class='ocrx_word' id='word_1_226' title='bbox 1688 3943 1872 4007; x_wconf 82' lang='lat' dir='ltr'><strong>dictis</strong></span> <span class='ocrx_word' id='word_1_227' title='bbox 1899 3944 1981 4008; x_wconf 87' lang='lat' dir='ltr'><strong>ad</strong></span> <span class='ocrx_word' id='word_1_228' title='bbox 2012 3959 2176 4009; x_wconf 84' lang='lat' dir='ltr'><strong>tecta</strong></span> <span class='ocrx_word' id='word_1_229' title='bbox 2204 3945 2499 4010; x_wconf 85' lang='lat' dir='ltr'><strong>subibant</strong></span> 
     </span>
    </p>
   </div>
   <div class='ocr_carea' id='block_1_7' title="bbox 681 4924 3350 5575">
    <p class='ocr_par' dir='ltr' id='par_1_14' title="bbox 681 4924 3350 5575">
     <span class='ocr_line' id='line_1_35' title="bbox 681 4924 3350 5575; baseline 0 0"><span class='ocrx_word' id='word_1_230' title='bbox 681 4924 3350 5575; x_wconf 95' lang='lat' dir='ltr'><strong> </strong></span> 
     </span>
    </p>
   </div>
  </div>
 </body>
</html>
