3559 5575
1078 31 1212 98 336
1762 28 2005 93 PARS
2051 27 2500 92 SECUNDA
2654 28 2889 93 Pur.
2924 27 3239 94 XXV-1.

1082 202 1551 302 Theognidis,
1605 201 2051 295 aliorumque
2103 199 2593 294 antiquiorum
2653 199 2875 285 dicta,
2934 203 3243 297 quippe

1078 322 1339 416 quibus
1372 319 1622 391 eadem
1648 318 1930 413 agenda
1953 340 2065 387 res
2092 325 2435 388 erat—ut
2461 326 2778 388 mentem
2806 318 3242 413 eri-gerent,

1077 435 1670 526 dimitte-remque
1700 430 2049 524 praecepti
2092 453 2506 502 memorem.
2608 432 2794 514 Quae
2846 456 2978 503 res
3043 434 3240 504 adeo

1078 548 1507 642 quibusdam
1539 546 1776 618 fraudi
1812 547 1979 630 fuit,
2006 555 2092 616 ut
2123 544 2441 637 poemati
2467 546 2701 638 Epicu
2732 558 2867 618 aut
2886 546 3240 617 Drama-

1078 664 1226 737 tico
1269 662 1541 755 pariter
1581 670 1924 754 putarent
1964 663 2094 732 has
2139 671 2331 733 artes
2374 672 2452 733 et
2485 662 2725 732 decori
2765 673 2843 735 et
2876 663 3239 734 subsidio

1079 782 1278 852 fore:
1313 800 1540 871 quum
1573 776 1653 848 id
1681 777 1929 849 fabula
1960 776 2115 868 ipsa
2148 792 2225 848 et
2260 777 2659 848 dicentium
2690 778 3028 862 fortuna,
3072 801 3237 849 mo-

1079 919 1219 979 res,
1251 905 1328 967 et
1361 894 1663 968 affectus
1695 893 1868 966 satis
1903 902 2272 986 praestent,
2305 894 2500 986 quod
2541 892 2617 964 in
2666 894 2910 966 Satira
2959 904 3059 966 et
3093 895 3237 964 Di-

1081 1011 1363 1084 dactico
1399 1009 1716 1082 carmine
1759 1003 2070 1080 aliunde
2110 1008 2562 1081 efficiendum
2612 1020 2744 1081 est.
2846 1011 3233 1093 Quinimo

1079 1128 1276 1201 inter
1318 1128 1680 1223 agendum
1711 1149 1966 1220 parum
1998 1128 2415 1219 loquentem
2448 1125 2707 1199 decent
2738 1126 2900 1209 ista,
2940 1129 3227 1199 umbra

1081 1253 1162 1316 et
1216 1244 1367 1316 otio
1424 1246 1828 1317 scholarum
1877 1243 2557 1335 enutrita—nempe
2613 1253 2701 1314 ut
2756 1243 3226 1315 acuminatae

1081 1358 1228 1432 sint
1285 1370 1363 1432 et
1410 1360 1775 1432 vibrantes
1831 1358 2467 1431 sententiolas-ut
2516 1360 2738 1429 verba
2784 1360 3036 1431 verbis
3102 1383 3220 1430 re-

1082 1475 1666 1566 spondeant—ut
1696 1498 1842 1546 vox
1875 1475 2129 1546 eadem
2160 1475 2533 1568 inopinato
2562 1474 2854 1546 redeat:

1863 1662 1984 1724 Me
2013 1683 2138 1724 non
2168 1659 2421 1724 oracula
2449 1674 2691 1725 certum

1345 1762 1472 1828 Sed
1502 1785 1670 1827 mors
1697 1776 1871 1827 certa
1897 1762 2065 1826 facit.
2621 1762 2800 1827 Luc·
2833 1762 3120 1826 Pnans.

1862 1894 2150 1959 Nimium
2175 1895 2383 1982 placet
2408 1894 2544 1982 ipse
2573 1894 2802 1959 Catoni

1346 1996 1415 2063 Si
1442 1996 1680 2062 bellum
1708 1995 1890 2061 civile
1919 1995 2145 2084 placet.
2611 1995 2781 2060 Ibid.
2813 1997 2920 2060 ΙΙ.
2954 1995 3120 2065 276.

1074 2120 1264 2252 ’Quis
1311 2191 1457 2239 non
1508 2166 1919 2261 hujusmodi
1968 2164 2259 2258 ineptiis
2308 2164 2721 2248 offenditur,
2753 2174 3115 2260 tanquam
3163 2191 3208 2237 a

1084 2284 1420 2356 carminis
1453 2282 1666 2375 Epici
1697 2283 2057 2378 gravitate
2089 2282 2382 2353 omnino
2416 2282 2667 2354 alienis
2691 2283 2729 2353 1>
2762 2282 3003 2376 Atqui
3035 2306 3205 2354 sex·

1085 2409 1329 2471 centos
1377 2399 1497 2471 hic
1540 2421 1820 2492 possem
1872 2398 2265 2470 Pharsaliae
2309 2421 2557 2469 versus
2606 2398 2909 2484 adferre,
2958 2399 3020 2469 si
3070 2420 3201 2490 per

1084 2524 1370 2606 tempus
1401 2513 1673 2599 liceret,
1704 2512 1782 2584 iu
1817 2514 2076 2608 quibus
2108 2514 2377 2607 pariter
2409 2524 2538 2585 aut
2562 2513 2844 2586 curiosa
2873 2516 3012 2585 hac
3043 2535 3198 2585 am·

1086 2629 1380 2714 bitione,
1428 2640 1558 2702 aut
1608 2632 2043 2703 obscuritate
2093 2630 2338 2714 nimia,
2382 2641 2513 2702 aut
2551 2630 2834 2702 tumido
2885 2629 3197 2723 denique

1086 2746 1464 2818 verborum
1510 2755 1586 2818 et
1634 2744 2037 2843 imaginum
2081 2747 2276 2819 fastu
2319 2745 2607 2839 penitus
2659 2742 2991 2816 obruitur
3037 2764 3194 2816 sen·

1085 2863 1338 2935 tentia.
1437 2864 1715 2937 Verum
1745 2865 1910 2935 haec
1932 2865 2087 2958 jam
2125 2863 2341 2936 missa
2372 2863 2580 2946 facio,
2615 2871 2698 2933 ut
2731 2885 2965 2955 pauca
2996 2883 3193 2955 quae-

1086 2979 1255 3051 dam
1294 2979 1465 3052 huic
1515 2979 1864 3052 doctrinae
1914 2990 2317 3072 praetexere
2364 2978 2653 3072 possim,
2685 3001 2779 3049 ne
2814 2977 3195 3049 videantur

1086 3118 1253 3189 quae
1286 3098 1500 3169 modo
1533 3097 1728 3168 dicta
1759 3096 1906 3167 sint
1938 3095 2155 3167 latius
2188 3092 2457 3190 patere,
2494 3118 2709 3189 quam
2756 3105 2885 3166 aut
2928 3094 3193 3167 veritas

1085 3211 1273 3284 ferat
1305 3223 1435 3283 aut
1466 3215 1796 3284 voluntas
1830 3234 2013 3282 mea.

1189 3324 1525 3419 Namque
1557 3328 1634 3397 in
1666 3326 2147 3419 compluribus
2181 3325 2582 3398 carminum
2614 3324 2884 3408 formis,
2915 3324 3196 3395 brevio·

1089 3437 1282 3509 ribus
1316 3441 1740 3531 praesertim,
1766 3443 2087 3514 maxima
2110 3443 2305 3514 haud
2339 3444 2555 3514 dubie
2588 3441 2962 3514 sententiis
2995 3463 3195 3512 aoce-

1090 3552 1199 3625 dit
1222 3555 1480 3647 gratia,
1505 3557 1565 3627 si
1590 3557 1806 3629 tereti
1830 3558 2141 3652 quodam
2166 3559 2464 3630 inclusae
2488 3559 2759 3631 fuerint
2783 3569 2858 3630 et
2882 3554 3194 3628 rotundo

1088 3672 1463 3743 verborum
1492 3674 1932 3747 ambitu—si
1957 3699 2072 3747 res
2105 3674 2278 3746 satis
2313 3686 2483 3747 ante
2518 3676 2807 3769 cognita
2839 3697 3074 3766 presse
3108 3693 3190 3741 ac

1087 3788 1316 3861 nitide
1373 3791 1874 3864 efferatur—si
1933 3791 2435 3884 intorqueatur
2492 3792 2891 3884 paullulum
2943 3789 3186 3861 solitus

1087 3908 1461 3979 verborum
1487 3909 1920 3995 sensus—si,
1939 3906 2205 4003 exigua
2224 3907 2728 3980 immutatione
2750 3906 2965 3993 facta,
2978 3907 3186 3977 verba
