3559 5575
238 501 359 566 Pana.
376 501 435 566 1v.
571 499 637 565 DE
661 498 978 566 IMlTATIONE.
1261 503 1304 566 45

236 676 344 747 modi
360 673 554 747 referendis
571 683 690 746 totum
709 697 839 767 poema
850 685 1024 756 versetur,
1036 696 1120 768 quae
1132 684 1188 746 est
1200 684 1304 748 tanta

235 792 444 864 carminum
472 790 642 876 suavitas,
668 801 711 863 ut
736 793 907 863 lectorem
932 813 954 862 a
978 790 1125 863 fastidio
1145 790 1304 865 vindicet

236 919 309 980 aut
326 907 478 979 somno?
505 907 648 1002 Quippe
666 907 728 979 ubi
746 931 793 978 ex
810 907 926 1000 operis
943 906 1061 978 forma
1082 908 1161 978 haec
1183 909 1302 978 locum

237 1025 400 1096 babeant
417 1047 560 1096 necesse
583 1035 649 1107 est,
671 1023 765 1095 sicut
787 1023 824 1092 in
852 1021 1036 1118 Georgicis
1057 1033 1096 1094 et
1112 1019 1304 1095 Pastorali-

237 1141 322 1224 bus,
338 1163 385 1211 ne
411 1139 461 1210 sic
484 1139 631 1232 quidem
654 1140 809 1233 optimos
827 1139 959 1211 Poetas
980 1161 1079 1209 mera
1099 1137 1302 1211 imitatione

238 1255 418 1326 contineri
437 1254 621 1325 videmus:
648 1277 761 1347 usque
779 1255 869 1325 adeo
885 1276 924 1325 se
941 1277 989 1324 ex
1005 1251 1103 1324 bisce
1125 1253 1301 1348 angustiis

239 1369 415 1461 expedire
438 1379 558 1452 avent,
575 1369 700 1464 vagari
721 1368 877 1452 liberius,
898 1379 937 1440 et
955 1368 994 1439 in
1017 1369 1212 1440 affectuum
1236 1379 1301 1442 aut

146 1563 148 1568 ,
239 1485 444 1578 phantasiae
462 1483 624 1578 regiones
643 1483 808 1577 migrare.

293 1600 427 1671 Melius
444 1601 594 1672 sortasse
611 1597 698 1693 quid
716 1599 753 1668 in
771 1600 839 1668 bac
859 1606 963 1690 parte
979 1597 1087 1668 velim
1110 1598 1156 1668 ab
1179 1622 1302 1670 exem-

239 1715 309 1809 plis
343 1717 480 1810 aliquot
514 1715 668 1810 intelligi
702 1715 846 1807 poterit.
900 1712 1061 1796 Nemini,
1089 1713 1207 1798 credo,
1238 1716 1301 1809 qui

241 1832 399 1924 Oppiani
425 1831 584 1903 carmina
609 1832 655 1902 de
672 1830 876 1902 Venatione
901 1839 966 1901 aut
988 1830 1050 1900 illa
1073 1829 1119 1900 de
1137 1831 1300 1904 Piscibus

240 1948 445 2042 perlegerit,
463 1947 500 2018 i'n
521 1958 679 2019 mentem
700 1946 811 2030 venit,
830 1945 1130 2039 descriptionibus
1152 1947 1230 2018 istis
1253 1948 1299 2021 de

240 2075 369 2138 natura
396 2064 634 2135 animantium
661 2074 725 2134 aut
751 2064 858 2135 fidem
884 2062 1040 2134 defuisse
1062 2073 1126 2134 aut
1148 2063 1300 2159 diligen-

241 2179 342 2252 tiam.
396 2179 440 2250 In
470 2179 555 2251 seris
584 2179 777 2272 praecipue,
802 2180 847 2250 de
874 2179 1005 2272 quibus
1030 2189 1159 2271 utpote
1183 2180 1298 2275 magis

239 2296 335 2366 notis
363 2295 502 2366 facilius
526 2295 724 2390 judicatur,
751 2295 917 2386 speciem,
943 2295 1109 2377 colorem,
1133 2294 1298 2382 sormam,

240 2411 538 2504 magnitudinem,
555 2411 700 2480 habitus
727 2419 916 2502 motusque
943 2410 1197 2492 membrorum,
1218 2420 1298 2480 tum

240 2518 278 2588 in
297 2520 419 2611 praeda
436 2519 610 2612 capienda
626 2529 691 2591 aut
708 2520 844 2590 tuenda
861 2523 960 2612 prole
977 2544 1061 2614 quae
1078 2523 1152 2592 sint
1168 2523 1298 2616 cuique

240 2633 385 2725 propria
414 2658 519 2705 versu
552 2634 639 2706 satis
673 2657 863 2705 numeroso
897 2646 1113 2730 comptoque
1141 2638 1296 2712 edocuit.

239 2747 330 2831 Quis
347 2759 469 2821 autem
486 2750 554 2822 hoc
570 2750 651 2822 ideo
668 2747 804 2843 poesim
821 2751 1006 2844 appellat?
1032 2750 1113 2823 Aut
1129 2751 1159 2823 si
1176 2754 1298 2846 appel-

236 2868 300 2950 lat,
314 2867 401 2959 quid
416 2868 539 2961 'quaeso
556 2867 708 2961 impedit
721 2891 792 2961 quo
806 2868 925 2939 minus
939 2870 1047 2941 Plinii
1065 2869 1213 2964 quidam
1231 2881 1295 2943 aut

235 2981 443 3055 Aristotelis
460 2984 506 3055 de
522 2984 782 3056 Animantibus
805 2984 887 3056 libri
912 2984 949 3055 in
978 2997 1133 3059 metrum
1157 2987 1296 3059 redacti

235 3097 314 3190 pari
342 3098 449 3170 titulo
478 3100 746 3197 insigniuntur?
774 3100 880 3182 Quod
904 3100 934 3171 si
956 3125 1039 3195 quae
1064 3125 1147 3193 pars
1172 3101 1210 3171 in
1239 3102 1294 3173 bis

235 3212 454 3286 carminibus
470 3238 546 3307 prae
564 3216 704 3287 caeteris
722 3215 889 3297 arrideat,
908 3226 950 3287 ut
966 3216 1027 3287 illa
1050 3218 1096 3288 de
1114 3216 1226 3311 Tigre
1249 3219 1294 3289 ob

233 3330 382 3401 amissos
417 3332 554 3401 catulos
580 3331 787 3415 furibunda,
815 3354 886 3401 non
915 3331 955 3402 id
982 3342 1071 3424 puto
1099 3333 1295 3405 imitationi

234 3444 480 3528 tribuendum,
497 3446 560 3516 sed
583 3446 635 3516 rei
658 3469 741 3539 quae
763 3454 942 3517 tractatur
958 3456 1113 3532 naturae,
1131 3447 1295 3519 nobiliori

234 3575 362 3656 sponte
380 3571 444 3633 aut
461 3559 668 3632 venustiori.

284 3678 410 3749 Unum
428 3679 535 3772 hujus
552 3676 694 3773 generis
715 3676 745 3747 si
768 3697 946 3769 apponam
969 3675 1119 3750 fortasse
1141 3702 1213 3750 non
1239 3678 1293 3751 in-

228 3795 432 3893 jucundum
449 3795 579 3883 fecero,
596 3794 633 3863 in
652 3816 724 3886 quo
741 3792 825 3864 licet
843 3792 997 3864 Gabinae
1015 3816 1131 3867 mores
1153 3807 1290 3893 gestus-

233 3934 305 4005 que
327 3911 377 3981 ad
402 3934 561 4005 unguem
587 3909 847 4001 exprimantur,
871 3910 959 3980 dum
986 3922 1175 4004 conspecto
1199 3914 1288 3985 acci-

233 4024 328 4118 pitre
353 4028 469 4119 pullos
495 4025 603 4099 anxie
627 4035 763 4111 tuetur,
780 4034 902 4097 tamen
929 4048 977 4097 ex
998 4050 1039 4098 re
1064 4029 1190 4124 magis,
1207 4054 1290 4124 quae

233 4154 289 4214 est
323 4144 499 4237 ejusmodi
534 4153 576 4214 ut
610 4140 767 4237 cujusvis
801 4142 921 4213 oculos
956 4142 1140 4236 arriperet,
1167 4148 1291 4239 volup-

234 4266 348 4329 tatem
376 4259 512 4353 percipi
540 4257 721 4342 existimo,
752 4279 860 4352 quarn
891 4280 940 4329 ex
969 4268 1046 4330 arte
1077 4270 1117 4331 et
1144 4258 1290 4355 ingenio

234 4372 427 4467 scriptoris.
