3559 5575
338 165 591 228 Pam..
627 165 988 229 XXVIII.
1080 167 1209 231 DE
1254 167 1853 231 PHANTASIA.
2351 164 2492 232 863·

334 338 757 422 uzu-rantis,¹
772 362 990 432 quam
1026 338 1084 408 si
1110 339 1439 423 formam,
1461 350 1536 411 et
1559 340 1923 422 vestitum,
1946 349 2021 410 et
2042 339 2490 412 lineamenta.

337 454 508 523 oris
542 454 955 548 singulatim
993 457 1457 547 exposuisset.

541 613 707 675 Cum
740 611 894 676 mihi
925 636 1012 690 se,
1044 635 1169 676 non
1199 629 1345 678 ante
1375 613 1574 679 oculis
1606 629 1734 679 tam
1765 614 1955 690 clara,
1992 615 2326 679 videndam

539 714 816 792 Obtulit,
846 730 911 778 et
935 737 1100 801 pura
1128 739 1240 803 per
1271 732 1515 781 noctem
1547 717 1610 780 in
1640 718 1779 781 luce
1812 717 2056 782 refulsit

543 815 731 879 Alma
757 839 1006 903 parens,
1037 817 1318 882 confessa
1348 820 1591 886 Deam:
1641 819 1972 906 qualisque
2004 820 2199 884 videri

546 917 862 981 Coelicolis
889 934 952 982 et
980 934 1221 1005 quanta
1252 919 1444 992 solet;
1493 920 1845 1007 dextraque
1875 921 2254 1007 prehensum

547 1018 902 1099 Continuit,
932 1043 1234 1106 roseoque
1263 1021 1398 1085 haec
1427 1021 1683 1108 insuper
1711 1022 1960 1087 addidit
1990 1046 2114 1087 ore.

1921 1111 2215 1207 AENnn·
2245 1129 2393 1197 589.

358 1254 655 1344 Qualis
685 1254 930 1328 videri
969 1254 1337 1329 Coelieolis
1380 1267 1457 1330 et
1497 1267 1786 1354 quanta
1830 1256 2016 1330 solet
2035 1265 2063 1332 Ι
2116 1261 2320 1332 Nihil
2372 1263 2483 1333 his

353 1375 607 1445 laxius
657 1385 782 1445 aut
834 1375 1190 1444 incertum
1245 1374 1490 1469 magis.
1594 1375 1703 1446 At
1744 1376 1803 1445 si
1851 1377 2155 1449 certiora
2204 1379 2482 1463 fierent,

355 1490 637 1583 periret
671 1490 915 1562 statim
952 1490 1027 1561 id
1069 1491 1264 1583 quod
1310 1491 1625 1562 maxime
1671 1491 1745 1561 in
1795 1491 2067 1563 deliciis
2114 1494 2479 1565 habemus·

356 1606 766 1678 Videamus
799 1615 1040 1675 autern
1076 1604 1150 1674 in
1187 1605 1275 1675 iis
1308 1629 1472 1699 quae
1499 1617 1920 1699 sequuntur,
1948 1607 2038 1678 de
2065 1608 2480 1680 numinibus

363 1721 616 1816 Trojae
648 1720 954 1791 inimicis
977 1723 1132 1815 jam
1171 1733 1339 1793 ante
1373 1724 1612 1793 oculos
1638 1723 1889 1793 AEneae
1917 1724 2299 1796 manifesta
2321 1726 2481 1797 luoe

363 1836 645 1929 positiS,
672 1846 754 1906 ut
779 1835 1151 1907 distinctas
1185 1837 1417 1932 fugiat
1451 1837 1824 1931 imagines,
1858 1848 1943 1908 ut
1975 1838 2051 1907 in
2087 1839 2484 1910 communi-

368 1956 507 2024 bus
542 1956 837 2035 haereat,
874 1975 1018 2022 una
1052 1963 1180 2023 aut
1214 1955 1440 2024 altera
1482 1952 1695 2022 modo
1734 1953 2002 2046 injecta
2039 1955 2252 2039 linea,
2290 1956 2483 2026 unde

366 2073 674 2142 lectores
739 2092 870 2160 pro
929 2091 1058 2138 suo
1117 2068 1417 2160 quisque
1478 2069 1767 2138 modulo
1821 2069 2140 2139 tabulam
2194 2072 2484 2162 explere

370 2196 768 2277 poterunt!

549 2339 680 2404 Hic
713 2339 822 2404 ubi
852 2338 1143 2426 disjectas
1173 2337 1389 2418 moleS,
1421 2336 1767 2425 avulsaque
1798 2338 1963 2402 saxis

551 2444 718 2506 Saxa
749 2440 944 2519 vides,
976 2439 1304 2527 mixtoque
1336 2440 1680 2505 undantem
1711 2438 1974 2527 pulvere
2001 2439 2288 2515 fumum;

549 2545 892 2632 Neptunus
920 2567 1132 2608 muros
1161 2565 1518 2633 magnoque
1546 2552 1748 2607 emota
1779 2543 2045 2608 tridenti

547 2648 993 2712 Fundamenta
1020 2646 1251 2735 quatit,
1284 2660 1608 2734 totamque
1636 2670 1676 2710 a
1705 2645 1959 2711 sedibus
1991 2646 2209 2713 urbem

546 2751 755 2816 Eruit.
846 2751 978 2816 Hic
1005 2753 1054 2815 J
1058 2774 1187 2816 uno
1219 2754 1423 2816 Scaeas
1452 2749 1791 2816 saevissima
1820 2766 2032 2837 portas

549 2853 766 2917 Prima
795 2867 988 2930 tenet,
1020 2854 1385 2941 sociumque
1413 2853 1632 2917 furens
1659 2877 1699 2917 a
1728 2853 1995 2917 navibus
2024 2876 2249 2939 agmen

547 2957 756 3019 Ferro
784 2959 1065 3020 accincta
1098 2970 1295 3020 vocat.

548 3058 596 3121 J
599 3079 701 3121 am
730 3079 1006 3121 summas
1034 3080 1207 3121 arces
1233 3056 1543 3134 Tritonia,
1575 3054 1837 3143 respice,
1867 3053 2080 3120 Pallas

549 3159 818 3237 Insedit,
848 3160 1060 3223 nimbo
1087 3159 1401 3246 ffdgms
1430 3168 1488 3222 et
1522 3159 1819 3245 Gorgone
1846 3179 2050 3223 sceva.

551 3263 700 3349 Ipse
733 3264 926 3326 Pater
957 3261 1199 3326 Danais
1227 3260 1469 3323 animos
1501 3258 1789 3346 viresque
1820 3259 2124 3325 secundas

550 3364 826 3431 Sufficit:
876 3364 1009 3453 ipse
1039 3366 1215 3429 Deos
1245 3363 1309 3426 in
1344 3362 1649 3427 Dardana
1676 3364 1936 3429 suscitat
1963 3387 2158 3428 arma.

548 3570 839 3650 Dixerat,
870 3584 935 3635 et
964 3569 1176 3657 spissis
1203 3568 1405 3634 noctis
1434 3593 1499 3634 se
1527 3568 1812 3634 condidit
1845 3569 2104 3635 umbris.

548 3673 881 3760 Asparem
906 3674 1076 3736 dirae
1076 3673 1324 3759 facies,
1353 3673 1735 3759 inimicaque
1772 3672 1995 3758 Trty’ae

547 3775 844 3841 Numina
873 3797 1118 3863 magna
1146 3776 1380 3839 Deum.
1919 3774 2081 3839 ΕΝ.
2116 3775 2214 3838 ῙῙ.
2247 3773 2393 3840 608.

384 3927 659 3999 Pariter
708 3928 784 3999 in
837 3929 1200 4000 communi
1240 3929 1570 4001 Deorum·
1596 3930 1776 4011 visu,
1823 3952 2040 4022 quem
2091 3928 2166 3999 in
2220 3928 2484 3999 somnis

385 4043 510 4115 sibi
577 4044 887 4116 adfuisse
943 4046 1205 4116 AEneas
1277 4056 1545 4130 narrat,
1599 4068 1743 4116 una
1814 4054 2100 4115 tantum
2170 4043 2484 4139 imagine

3306 2512 3322 2545 ἢ
3319 2325 3334 2471 ‘Aa
3323 2266 3332 2277 D

3363 4532 3431 4706 ἢ
