<?xml version="1.0" encoding="UTF-8"?>
<!DOCTYPE html PUBLIC "-//W3C//DTD XHTML 1.0 Transitional//EN"
    "http://www.w3.org/TR/xhtml1/DTD/xhtml1-transitional.dtd">
<html xmlns="http://www.w3.org/1999/xhtml" xml:lang="en" lang="en">
 <head>
  <title>
</title>
<meta http-equiv="Content-Type" content="text/html;charset=utf-8" />
  <meta name='ocr-system' content='tesseract 3.04.00' />
  <meta name='ocr-capabilities' content='ocr_page ocr_carea ocr_par ocr_line ocrx_word'/>
</head>
<body>
  <div class='ocr_page' id='page_1' title='image "./praelectionesac00coplgoog_0373.png"; bbox 0 0 3559 5575; ppageno 0'>
   <div class='ocr_carea' id='block_1_1' title="bbox 431 127 2545 201">
    <p class='ocr_par' dir='ltr' id='par_1_1' title="bbox 431 127 2545 201">
     <span class='ocr_line' id='line_1_1' title="bbox 431 127 2545 201; baseline 0.003 -10"><span class='ocrx_word' id='word_1_1' title='bbox 431 127 660 192; x_wconf 59' lang='lat' dir='ltr'><strong>Pam..</strong></span> <span class='ocrx_word' id='word_1_2' title='bbox 698 128 992 194; x_wconf 87' lang='lat' dir='ltr'>XXIX.</span> <span class='ocrx_word' id='word_1_3' title='bbox 1132 129 1264 194; x_wconf 87' lang='lat' dir='ltr'><strong>DE</strong></span> <span class='ocrx_word' id='word_1_4' title='bbox 1310 128 1894 195; x_wconf 90' lang='lat' dir='ltr'>PHANTASIA.</span> <span class='ocrx_word' id='word_1_5' title='bbox 2416 133 2545 201; x_wconf 72' lang='lat'><strong>375</strong></span> 
     </span>
    </p>
   </div>
   <div class='ocr_carea' id='block_1_2' title="bbox 419 301 2543 2366">
    <p class='ocr_par' dir='ltr' id='par_1_2' title="bbox 419 301 2543 2366">
     <span class='ocr_line' id='line_1_2' title="bbox 529 301 2543 396; baseline 0.002 -24"><span class='ocrx_word' id='word_1_6' title='bbox 529 301 855 373; x_wconf 80' lang='lat' dir='ltr'><strong>Gratiam</strong></span> <span class='ocrx_word' id='word_1_7' title='bbox 891 301 1117 396; x_wconf 88' lang='lat' dir='ltr'><strong>igitur</strong></span> <span class='ocrx_word' id='word_1_8' title='bbox 1149 303 1319 373; x_wconf 90' lang='lat' dir='ltr'><strong>huic</strong></span> <span class='ocrx_word' id='word_1_9' title='bbox 1354 303 1679 374; x_wconf 88' lang='lat' dir='ltr'><strong>materiae</strong></span> <span class='ocrx_word' id='word_1_10' title='bbox 1712 302 1945 374; x_wconf 89' lang='lat' dir='ltr'><strong>inesse</strong></span> <span class='ocrx_word' id='word_1_11' title='bbox 1978 327 2064 374; x_wconf 87' lang='lat' dir='ltr'><strong>ac</strong></span> <span class='ocrx_word' id='word_1_12' title='bbox 2089 314 2543 378; x_wconf 78' lang='lat' dir='ltr'><strong>venustatem</strong></span> 
     </span>
     <span class='ocr_line' id='line_1_3' title="bbox 424 418 2541 513; baseline 0.002 -27"><span class='ocrx_word' id='word_1_13' title='bbox 424 440 690 513; x_wconf 87' lang='lat' dir='ltr'><strong>negare</strong></span> <span class='ocrx_word' id='word_1_14' title='bbox 751 442 984 512; x_wconf 84' lang='lat' dir='ltr'><strong>neque</strong></span> <span class='ocrx_word' id='word_1_15' title='bbox 1039 418 1269 490; x_wconf 89' lang='lat' dir='ltr'><strong>ausim</strong></span> <span class='ocrx_word' id='word_1_16' title='bbox 1328 442 1463 490; x_wconf 89' lang='lat' dir='ltr'><strong>nec</strong></span> <span class='ocrx_word' id='word_1_17' title='bbox 1516 419 1773 490; x_wconf 83' lang='lat' dir='ltr'><strong>velim:</strong></span> <span class='ocrx_word' id='word_1_18' title='bbox 1844 434 2118 502; x_wconf 90' lang='lat' dir='ltr'><strong>contra,</strong></span> <span class='ocrx_word' id='word_1_19' title='bbox 2175 443 2541 492; x_wconf 90' lang='lat' dir='ltr'><strong>summum</strong></span> 
     </span>
     <span class='ocr_line' id='line_1_4' title="bbox 423 533 2542 630; baseline 0.002 -26"><span class='ocrx_word' id='word_1_20' title='bbox 423 533 630 605; x_wconf 91' lang='lat' dir='ltr'><strong>illum</strong></span> <span class='ocrx_word' id='word_1_21' title='bbox 665 535 741 604; x_wconf 91' lang='lat' dir='ltr'><strong>in</strong></span> <span class='ocrx_word' id='word_1_22' title='bbox 779 538 914 605; x_wconf 91' lang='lat' dir='ltr'><strong>hoc</strong></span> <span class='ocrx_word' id='word_1_23' title='bbox 940 558 1203 630; x_wconf 86' lang='lat' dir='ltr'><strong>genere</strong></span> <span class='ocrx_word' id='word_1_24' title='bbox 1251 535 1597 607; x_wconf 87' lang='lat' dir='ltr'><strong>artificem</strong></span> <span class='ocrx_word' id='word_1_25' title='bbox 1646 536 2125 607; x_wconf 83' lang='lat' dir='ltr'><strong>Claudianum</strong></span> <span class='ocrx_word' id='word_1_26' title='bbox 2176 536 2542 609; x_wconf 87' lang='lat' dir='ltr'><strong>neminem</strong></span> 
     </span>
     <span class='ocr_line' id='line_1_5' title="bbox 423 650 2539 747; baseline 0.002 -27"><span class='ocrx_word' id='word_1_27' title='bbox 423 673 566 720; x_wconf 89' lang='lat' dir='ltr'><strong>non</strong></span> <span class='ocrx_word' id='word_1_28' title='bbox 615 661 790 742; x_wconf 93' lang='lat' dir='ltr'><strong>puto</strong></span> <span class='ocrx_word' id='word_1_29' title='bbox 826 653 1195 743; x_wconf 89' lang='lat' dir='ltr'><strong>voluptate</strong></span> <span class='ocrx_word' id='word_1_30' title='bbox 1229 650 1470 744; x_wconf 89' lang='lat' dir='ltr'><strong>aliqua</strong></span> <span class='ocrx_word' id='word_1_31' title='bbox 1501 652 1868 744; x_wconf 86' lang='lat' dir='ltr'><strong>perfusum</strong></span> <span class='ocrx_word' id='word_1_32' title='bbox 1912 653 2198 746; x_wconf 88' lang='lat' dir='ltr'><strong>legere;</strong></span> <span class='ocrx_word' id='word_1_33' title='bbox 2249 676 2344 722; x_wconf 86' lang='lat' dir='ltr'><strong>ex</strong></span> <span class='ocrx_word' id='word_1_34' title='bbox 2395 677 2539 747; x_wconf 92' lang='lat' dir='ltr'><strong>quo</strong></span> 
     </span>
     <span class='ocr_line' id='line_1_6' title="bbox 425 764 2539 859; baseline 0.002 -25"><span class='ocrx_word' id='word_1_35' title='bbox 425 765 601 857; x_wconf 90' lang='lat' dir='ltr'><strong>quid</strong></span> <span class='ocrx_word' id='word_1_36' title='bbox 635 764 831 856; x_wconf 87' lang='lat' dir='ltr'><strong>prius</strong></span> <span class='ocrx_word' id='word_1_37' title='bbox 866 765 1194 856; x_wconf 87' lang='lat' dir='ltr'><strong>potiusve</strong></span> <span class='ocrx_word' id='word_1_38' title='bbox 1228 765 1524 859; x_wconf 84' lang='lat' dir='ltr'><strong>seligam</strong></span> <span class='ocrx_word' id='word_1_39' title='bbox 1559 765 1686 835; x_wconf 85' lang='lat' dir='ltr'><strong>vix</strong></span> <span class='ocrx_word' id='word_1_40' title='bbox 1719 765 1971 859; x_wconf 87' lang='lat' dir='ltr'><strong>liquet.</strong></span> <span class='ocrx_word' id='word_1_41' title='bbox 2049 764 2539 838; x_wconf 82' lang='lat' dir='ltr'><strong>Pulcherrima</strong></span> 
     </span>
     <span class='ocr_line' id='line_1_7' title="bbox 427 880 2538 975; baseline 0.002 -25"><span class='ocrx_word' id='word_1_42' title='bbox 427 891 597 951; x_wconf 89' lang='lat' dir='ltr'><strong>sunt</strong></span> <span class='ocrx_word' id='word_1_43' title='bbox 632 882 723 951; x_wconf 91' lang='lat' dir='ltr'><strong>de</strong></span> <span class='ocrx_word' id='word_1_44' title='bbox 758 880 1055 974; x_wconf 86' lang='lat' dir='ltr'><strong>Nuptiis</strong></span> <span class='ocrx_word' id='word_1_45' title='bbox 1095 881 1397 952; x_wconf 90' lang='lat' dir='ltr'><strong>Honorii</strong></span> <span class='ocrx_word' id='word_1_46' title='bbox 1431 892 1507 953; x_wconf 93' lang='lat' dir='ltr'><strong>et</strong></span> <span class='ocrx_word' id='word_1_47' title='bbox 1533 881 1812 964; x_wconf 87' lang='lat' dir='ltr'><strong>Mariae,</strong></span> <span class='ocrx_word' id='word_1_48' title='bbox 1849 882 2169 975; x_wconf 89' lang='lat' dir='ltr'><strong>itemque</strong></span> <span class='ocrx_word' id='word_1_49' title='bbox 2203 882 2294 954; x_wconf 92' lang='lat' dir='ltr'><strong>de</strong></span> <span class='ocrx_word' id='word_1_50' title='bbox 2330 884 2538 954; x_wconf 92' lang='lat' dir='ltr'><strong>Bello</strong></span> 
     </span>
     <span class='ocr_line' id='line_1_8' title="bbox 428 994 2537 1091; baseline 0.002 -26"><span class='ocrx_word' id='word_1_51' title='bbox 428 995 805 1067; x_wconf 89' lang='lat' dir='ltr'><strong>Gildonico</strong></span> <span class='ocrx_word' id='word_1_52' title='bbox 856 1006 1323 1091; x_wconf 82' lang='lat' dir='ltr'><strong>argumenta:</strong></span> <span class='ocrx_word' id='word_1_53' title='bbox 1378 1006 1454 1067; x_wconf 93' lang='lat' dir='ltr'><strong>at</strong></span> <span class='ocrx_word' id='word_1_54' title='bbox 1488 997 1842 1068; x_wconf 89' lang='lat' dir='ltr'><strong>secundus</strong></span> <span class='ocrx_word' id='word_1_55' title='bbox 1893 996 2014 1066; x_wconf 94' lang='lat' dir='ltr'><strong>ille</strong></span> <span class='ocrx_word' id='word_1_56' title='bbox 2065 994 2156 1067; x_wconf 91' lang='lat' dir='ltr'><strong>de</strong></span> <span class='ocrx_word' id='word_1_57' title='bbox 2206 998 2537 1069; x_wconf 86' lang='lat' dir='ltr'><strong>laudibus</strong></span> 
     </span>
     <span class='ocr_line' id='line_1_9' title="bbox 428 1112 2538 1206; baseline 0.001 -24"><span class='ocrx_word' id='word_1_58' title='bbox 428 1112 839 1183; x_wconf 90' lang='lat' dir='ltr'><strong>Stilichonis</strong></span> <span class='ocrx_word' id='word_1_59' title='bbox 874 1112 1096 1183; x_wconf 88' lang='lat' dir='ltr'><strong>Liber</strong></span> <span class='ocrx_word' id='word_1_60' title='bbox 1128 1112 1276 1183; x_wconf 86' lang='lat' dir='ltr'><strong>fere</strong></span> <span class='ocrx_word' id='word_1_61' title='bbox 1311 1122 1506 1183; x_wconf 91' lang='lat' dir='ltr'><strong>totus</strong></span> <span class='ocrx_word' id='word_1_62' title='bbox 1541 1135 1626 1183; x_wconf 92' lang='lat' dir='ltr'><strong>eo</strong></span> <span class='ocrx_word' id='word_1_63' title='bbox 1661 1122 1938 1204; x_wconf 90' lang='lat' dir='ltr'><strong>spectat</strong></span> <span class='ocrx_word' id='word_1_64' title='bbox 1973 1136 2117 1206; x_wconf 90' lang='lat' dir='ltr'><strong>quo</strong></span> <span class='ocrx_word' id='word_1_65' title='bbox 2153 1137 2345 1183; x_wconf 90' lang='lat' dir='ltr'><strong>nunc</strong></span> <span class='ocrx_word' id='word_1_66' title='bbox 2380 1124 2538 1185; x_wconf 87' lang='lat' dir='ltr'><strong>ten-</strong></span> 
     </span>
     <span class='ocr_line' id='line_1_10' title="bbox 427 1227 2539 1321; baseline 0.002 -25"><span class='ocrx_word' id='word_1_67' title='bbox 427 1227 687 1298; x_wconf 78' lang='lat' dir='ltr'><strong>dimuS.</strong></span> <span class='ocrx_word' id='word_1_68' title='bbox 792 1228 1094 1298; x_wconf 89' lang='lat' dir='ltr'><strong>Summa</strong></span> <span class='ocrx_word' id='word_1_69' title='bbox 1160 1227 1451 1321; x_wconf 91' lang='lat' dir='ltr'><strong>quidem</strong></span> <span class='ocrx_word' id='word_1_70' title='bbox 1511 1228 1618 1298; x_wconf 90' lang='lat' dir='ltr'><strong>rei</strong></span> <span class='ocrx_word' id='word_1_71' title='bbox 1676 1229 1818 1298; x_wconf 92' lang='lat' dir='ltr'><strong>huc</strong></span> <span class='ocrx_word' id='word_1_72' title='bbox 1878 1228 2088 1298; x_wconf 90' lang='lat' dir='ltr'><strong>redit.</strong></span> <span class='ocrx_word' id='word_1_73' title='bbox 2194 1229 2539 1300; x_wconf 85' lang='lat' dir='ltr'><strong>Maximis</strong></span> 
     </span>
     <span class='ocr_line' id='line_1_11' title="bbox 425 1342 2538 1440; baseline 0 -24"><span class='ocrx_word' id='word_1_74' title='bbox 425 1344 592 1416; x_wconf 91' lang='lat' dir='ltr'><strong>belli</strong></span> <span class='ocrx_word' id='word_1_75' title='bbox 647 1343 1036 1414; x_wconf 89' lang='lat' dir='ltr'><strong>virtutibus</strong></span> <span class='ocrx_word' id='word_1_76' title='bbox 1088 1342 1370 1429; x_wconf 76' lang='lat' dir='ltr'><strong>florenS,</strong></span> <span class='ocrx_word' id='word_1_77' title='bbox 1422 1344 1741 1415; x_wconf 82' lang='lat' dir='ltr'><strong>maxima</strong></span> <span class='ocrx_word' id='word_1_78' title='bbox 1799 1344 2021 1415; x_wconf 88' lang='lat' dir='ltr'><strong>etiam</strong></span> <span class='ocrx_word' id='word_1_79' title='bbox 2075 1345 2538 1440; x_wconf 73' lang='lat' dir='ltr'><strong>integritatis„</strong></span> 
     </span>
     <span class='ocr_line' id='line_1_12' title="bbox 424 1459 2538 1555; baseline 0.002 -24"><span class='ocrx_word' id='word_1_80' title='bbox 424 1460 614 1543; x_wconf 84' lang='lat' dir='ltr'><strong>fidei,</strong></span> <span class='ocrx_word' id='word_1_81' title='bbox 639 1459 1043 1532; x_wconf 79' lang='lat' dir='ltr'><strong>clementiae</strong></span> <span class='ocrx_word' id='word_1_82' title='bbox 1066 1459 1278 1531; x_wconf 90' lang='lat' dir='ltr'><strong>laude</strong></span> <span class='ocrx_word' id='word_1_83' title='bbox 1302 1459 1627 1554; x_wconf 89' lang='lat' dir='ltr'><strong>insignis,</strong></span> <span class='ocrx_word' id='word_1_84' title='bbox 1647 1460 1755 1531; x_wconf 89' lang='lat' dir='ltr'><strong>ita</strong></span> <span class='ocrx_word' id='word_1_85' title='bbox 1780 1485 1857 1530; x_wconf 89' lang='lat' dir='ltr'><strong>se</strong></span> <span class='ocrx_word' id='word_1_86' title='bbox 1882 1471 2202 1555; x_wconf 86' lang='lat' dir='ltr'><strong>gesserat</strong></span> <span class='ocrx_word' id='word_1_87' title='bbox 2225 1461 2301 1532; x_wconf 91' lang='lat' dir='ltr'><strong>in</strong></span> <span class='ocrx_word' id='word_1_88' title='bbox 2327 1464 2538 1535; x_wconf 86' lang='lat' dir='ltr'><strong>rebus</strong></span> 
     </span>
     <span class='ocr_line' id='line_1_13' title="bbox 423 1575 2538 1659; baseline 0.002 -11"><span class='ocrx_word' id='word_1_89' title='bbox 423 1575 1011 1649; x_wconf 82' lang='lat' dir='ltr'><strong>administrandis</strong></span> <span class='ocrx_word' id='word_1_90' title='bbox 1052 1575 1377 1659; x_wconf 82' lang='lat' dir='ltr'><strong>Stilicho,</strong></span> <span class='ocrx_word' id='word_1_91' title='bbox 1411 1587 1497 1648; x_wconf 92' lang='lat' dir='ltr'><strong>ut</strong></span> <span class='ocrx_word' id='word_1_92' title='bbox 1533 1576 1906 1648; x_wconf 89' lang='lat' dir='ltr'><strong>universus</strong></span> <span class='ocrx_word' id='word_1_93' title='bbox 1940 1578 2128 1649; x_wconf 88' lang='lat' dir='ltr'><strong>orbis</strong></span> <span class='ocrx_word' id='word_1_94' title='bbox 2163 1579 2538 1654; x_wconf 88' lang='lat' dir='ltr'><strong>Romanus</strong></span> 
     </span>
     <span class='ocr_line' id='line_1_14' title="bbox 424 1692 2539 1777; baseline 0.001 -13"><span class='ocrx_word' id='word_1_95' title='bbox 424 1716 573 1765; x_wconf 85' lang='lat' dir='ltr'><strong>uuo</strong></span> <span class='ocrx_word' id='word_1_96' title='bbox 606 1717 726 1764; x_wconf 91' lang='lat' dir='ltr'><strong>ore</strong></span> <span class='ocrx_word' id='word_1_97' title='bbox 761 1716 951 1774; x_wconf 91' lang='lat' dir='ltr'><strong>eum,</strong></span> <span class='ocrx_word' id='word_1_98' title='bbox 986 1692 1508 1764; x_wconf 90' lang='lat' dir='ltr'><strong>detrectantem</strong></span> <span class='ocrx_word' id='word_1_99' title='bbox 1544 1692 1693 1777; x_wconf 91' lang='lat' dir='ltr'><strong>diu,</strong></span> <span class='ocrx_word' id='word_1_100' title='bbox 1726 1693 1803 1762; x_wconf 88' lang='lat' dir='ltr'><strong>in</strong></span> <span class='ocrx_word' id='word_1_101' title='bbox 1851 1695 2305 1765; x_wconf 87' lang='lat' dir='ltr'><strong>consulatum</strong></span> <span class='ocrx_word' id='word_1_102' title='bbox 2351 1695 2539 1766; x_wconf 88' lang='lat' dir='ltr'><strong>invi-</strong></span> 
     </span>
     <span class='ocr_line' id='line_1_15' title="bbox 420 1808 2539 1902; baseline 0.001 -22"><span class='ocrx_word' id='word_1_103' title='bbox 420 1818 635 1880; x_wconf 85' lang='lat' dir='ltr'><strong>taret.</strong></span> <span class='ocrx_word' id='word_1_104' title='bbox 739 1809 830 1880; x_wconf 92' lang='lat' dir='ltr'><strong>Id</strong></span> <span class='ocrx_word' id='word_1_105' title='bbox 886 1808 1158 1880; x_wconf 91' lang='lat' dir='ltr'><strong>scilicet</strong></span> <span class='ocrx_word' id='word_1_106' title='bbox 1214 1831 1438 1901; x_wconf 92' lang='lat' dir='ltr'><strong>quum</strong></span> <span class='ocrx_word' id='word_1_107' title='bbox 1498 1831 1745 1879; x_wconf 91' lang='lat' dir='ltr'><strong>omnes</strong></span> <span class='ocrx_word' id='word_1_108' title='bbox 1814 1808 2023 1879; x_wconf 91' lang='lat' dir='ltr'><strong>unice</strong></span> <span class='ocrx_word' id='word_1_109' title='bbox 2084 1819 2539 1902; x_wconf 82' lang='lat' dir='ltr'><strong>exoptarent,</strong></span> 
     </span>
     <span class='ocr_line' id='line_1_16' title="bbox 421 1923 2542 2021; baseline 0.002 -27"><span class='ocrx_word' id='word_1_110' title='bbox 421 1924 843 1996; x_wconf 88' lang='lat' dir='ltr'><strong>Provincias</strong></span> <span class='ocrx_word' id='word_1_111' title='bbox 868 1924 1078 2018; x_wconf 88' lang='lat' dir='ltr'><strong>fingit</strong></span> <span class='ocrx_word' id='word_1_112' title='bbox 1100 1924 1330 1995; x_wconf 90' lang='lat' dir='ltr'><strong>Poeta</strong></span> <span class='ocrx_word' id='word_1_113' title='bbox 1363 1923 1703 2018; x_wconf 89' lang='lat' dir='ltr'><strong>singulas,</strong></span> <span class='ocrx_word' id='word_1_114' title='bbox 1731 1924 1931 2017; x_wconf 90' lang='lat' dir='ltr'><strong>quasi</strong></span> <span class='ocrx_word' id='word_1_115' title='bbox 1972 1925 2330 1996; x_wconf 90' lang='lat' dir='ltr'><strong>minorum</strong></span> <span class='ocrx_word' id='word_1_116' title='bbox 2365 1949 2542 2021; x_wconf 88' lang='lat' dir='ltr'><strong>gen-</strong></span> 
     </span>
     <span class='ocr_line' id='line_1_17' title="bbox 420 2039 2538 2134; baseline 0 -23"><span class='ocrx_word' id='word_1_117' title='bbox 420 2040 614 2112; x_wconf 89' lang='lat' dir='ltr'><strong>tium</strong></span> <span class='ocrx_word' id='word_1_118' title='bbox 663 2040 881 2126; x_wconf 92' lang='lat' dir='ltr'><strong>Deas,</strong></span> <span class='ocrx_word' id='word_1_119' title='bbox 932 2041 1243 2111; x_wconf 91' lang='lat' dir='ltr'><strong>Romam</strong></span> <span class='ocrx_word' id='word_1_120' title='bbox 1302 2039 1719 2132; x_wconf 89' lang='lat' dir='ltr'><strong>suppliciter</strong></span> <span class='ocrx_word' id='word_1_121' title='bbox 1777 2040 2165 2121; x_wconf 88' lang='lat' dir='ltr'><strong>adeuntes;</strong></span> <span class='ocrx_word' id='word_1_122' title='bbox 2233 2064 2538 2134; x_wconf 90' lang='lat' dir='ltr'><strong>quarum</strong></span> 
     </span>
     <span class='ocr_line' id='line_1_18' title="bbox 419 2155 2542 2248; baseline 0.001 -19"><span class='ocrx_word' id='word_1_123' title='bbox 419 2155 755 2248; x_wconf 86' lang='lat' dir='ltr'><strong>precibus</strong></span> <span class='ocrx_word' id='word_1_124' title='bbox 790 2156 983 2227; x_wconf 89' lang='lat' dir='ltr'><strong>victa</strong></span> <span class='ocrx_word' id='word_1_125' title='bbox 1032 2157 1327 2227; x_wconf 90' lang='lat' dir='ltr'><strong>tandem</strong></span> <span class='ocrx_word' id='word_1_126' title='bbox 1361 2156 1599 2227; x_wconf 91' lang='lat' dir='ltr'><strong>Roma</strong></span> <span class='ocrx_word' id='word_1_127' title='bbox 1633 2155 2012 2227; x_wconf 83' lang='lat' dir='ltr'><strong>stilichoni</strong></span> <span class='ocrx_word' id='word_1_128' title='bbox 2047 2157 2368 2239; x_wconf 90' lang='lat' dir='ltr'><strong>suadere,</strong></span> <span class='ocrx_word' id='word_1_129' title='bbox 2402 2158 2542 2231; x_wconf 78' lang='lat' dir='ltr'><strong>fas-</strong></span> 
     </span>
     <span class='ocr_line' id='line_1_19' title="bbox 419 2271 1424 2366; baseline -0.003 -22"><span class='ocrx_word' id='word_1_130' title='bbox 419 2296 545 2344; x_wconf 84' lang='lat' dir='ltr'><strong>ces</strong></span> <span class='ocrx_word' id='word_1_131' title='bbox 580 2283 663 2344; x_wconf 92' lang='lat' dir='ltr'><strong>ut</strong></span> <span class='ocrx_word' id='word_1_132' title='bbox 697 2271 1026 2365; x_wconf 87' lang='lat' dir='ltr'><strong>accipiat,</strong></span> <span class='ocrx_word' id='word_1_133' title='bbox 1060 2271 1424 2366; x_wconf 85' lang='lat' dir='ltr'><strong>dignatur.</strong></span> 
     </span>
    </p>
   </div>
   <div class='ocr_carea' id='block_1_3' title="bbox 600 2414 2445 3304">
    <p class='ocr_par' dir='ltr' id='par_1_3' title="bbox 600 2414 2269 3221">
     <span class='ocr_line' id='line_1_20' title="bbox 601 2414 2269 2505; baseline -0.001 -23"><span class='ocrx_word' id='word_1_134' title='bbox 601 2419 781 2505; x_wconf 87' lang='lat' dir='ltr'><strong>Ergo</strong></span> <span class='ocrx_word' id='word_1_135' title='bbox 809 2416 1035 2494; x_wconf 82' lang='lat' dir='ltr'><strong>avidae,</strong></span> <span class='ocrx_word' id='word_1_136' title='bbox 1066 2429 1402 2503; x_wconf 87' lang='lat' dir='ltr'><strong>tantosque</strong></span> <span class='ocrx_word' id='word_1_137' title='bbox 1430 2414 1577 2479; x_wconf 88' lang='lat' dir='ltr'><strong>novi</strong></span> <span class='ocrx_word' id='word_1_138' title='bbox 1608 2439 1719 2502; x_wconf 88' lang='lat' dir='ltr'><strong>spe</strong></span> <span class='ocrx_word' id='word_1_139' title='bbox 1748 2414 2044 2479; x_wconf 87' lang='lat' dir='ltr'><strong>Consulis</strong></span> <span class='ocrx_word' id='word_1_140' title='bbox 2071 2438 2269 2481; x_wconf 88' lang='lat' dir='ltr'><strong>annos</strong></span> 
     </span>
     <span class='ocr_line' id='line_1_21' title="bbox 601 2517 2103 2606; baseline -0.001 -22"><span class='ocrx_word' id='word_1_141' title='bbox 601 2520 842 2599; x_wconf 80' lang='lat' dir='ltr'><strong>Elusae,</strong></span> <span class='ocrx_word' id='word_1_142' title='bbox 873 2519 1147 2584; x_wconf 85' lang='lat' dir='ltr'><strong>domiuae</strong></span> <span class='ocrx_word' id='word_1_143' title='bbox 1175 2531 1452 2606; x_wconf 90' lang='lat' dir='ltr'><strong>pergunt</strong></span> <span class='ocrx_word' id='word_1_144' title='bbox 1479 2517 1563 2581; x_wconf 89' lang='lat' dir='ltr'><strong>ad</strong></span> <span class='ocrx_word' id='word_1_145' title='bbox 1591 2517 1810 2582; x_wconf 87' lang='lat' dir='ltr'><strong>limina</strong></span> <span class='ocrx_word' id='word_1_146' title='bbox 1838 2519 2103 2582; x_wconf 83' lang='lat' dir='ltr'><strong>Romae:</strong></span> 
     </span>
     <span class='ocr_line' id='line_1_22' title="bbox 600 2619 2170 2709; baseline 0 -21"><span class='ocrx_word' id='word_1_147' title='bbox 600 2623 667 2688; x_wconf 91' lang='lat' dir='ltr'><strong>Si</strong></span> <span class='ocrx_word' id='word_1_148' title='bbox 696 2623 907 2690; x_wconf 89' lang='lat' dir='ltr'><strong>miuus</strong></span> <span class='ocrx_word' id='word_1_149' title='bbox 932 2621 1226 2688; x_wconf 87' lang='lat' dir='ltr'><strong>annuerit</strong></span> <span class='ocrx_word' id='word_1_150' title='bbox 1253 2620 1568 2708; x_wconf 87' lang='lat' dir='ltr'><strong>precibus,</strong></span> <span class='ocrx_word' id='word_1_151' title='bbox 1602 2619 1700 2684; x_wconf 90' lang='lat' dir='ltr'><strong>vel</strong></span> <span class='ocrx_word' id='word_1_152' title='bbox 1728 2644 1955 2709; x_wconf 83' lang='lat' dir='ltr'><strong>cogere</strong></span> <span class='ocrx_word' id='word_1_153' title='bbox 1981 2635 2170 2689; x_wconf 69' lang='lat' dir='ltr'><strong>certae</strong></span> 
     </span>
     <span class='ocr_line' id='line_1_23' title="bbox 601 2722 2163 2812; baseline -0.003 -19"><span class='ocrx_word' id='word_1_154' title='bbox 601 2729 1046 2804; x_wconf 87' lang='lat' dir='ltr'><strong>Cunctantem,</strong></span> <span class='ocrx_word' id='word_1_155' title='bbox 1078 2738 1353 2812; x_wconf 86' lang='lat' dir='ltr'><strong>votoque</strong></span> <span class='ocrx_word' id='word_1_156' title='bbox 1385 2746 1591 2789; x_wconf 88' lang='lat' dir='ltr'><strong>moras</strong></span> <span class='ocrx_word' id='word_1_157' title='bbox 1619 2722 1874 2788; x_wconf 88' lang='lat' dir='ltr'><strong>auferre</strong></span> <span class='ocrx_word' id='word_1_158' title='bbox 1901 2737 2163 2810; x_wconf 78' lang='lat' dir='ltr'><strong>paratae,</strong></span> 
     </span>
     <span class='ocr_line' id='line_1_24' title="bbox 601 2824 2235 2912; baseline -0.002 -20"><span class='ocrx_word' id='word_1_159' title='bbox 601 2828 1004 2893; x_wconf 87' lang='lat' dir='ltr'><strong>Conveniunt</strong></span> <span class='ocrx_word' id='word_1_160' title='bbox 1030 2827 1114 2891; x_wconf 87' lang='lat' dir='ltr'><strong>ad</strong></span> <span class='ocrx_word' id='word_1_161' title='bbox 1141 2840 1307 2891; x_wconf 89' lang='lat' dir='ltr'><strong>tecta</strong></span> <span class='ocrx_word' id='word_1_162' title='bbox 1335 2828 1517 2903; x_wconf 83' lang='lat' dir='ltr'><strong>Deae,</strong></span> <span class='ocrx_word' id='word_1_163' title='bbox 1548 2849 1695 2912; x_wconf 86' lang='lat' dir='ltr'><strong>quae</strong></span> <span class='ocrx_word' id='word_1_164' title='bbox 1723 2824 1993 2890; x_wconf 86' lang='lat' dir='ltr'><strong>candida</strong></span> <span class='ocrx_word' id='word_1_165' title='bbox 2020 2824 2235 2890; x_wconf 88' lang='lat' dir='ltr'><strong>lucent</strong></span> 
     </span>
     <span class='ocr_line' id='line_1_25' title="bbox 603 2927 2269 3018; baseline -0.001 -24"><span class='ocrx_word' id='word_1_166' title='bbox 603 2932 830 2996; x_wconf 89' lang='lat' dir='ltr'><strong>Monte</strong></span> <span class='ocrx_word' id='word_1_167' title='bbox 859 2930 1168 2994; x_wconf 90' lang='lat' dir='ltr'><strong>Palatino.</strong></span> <span class='ocrx_word' id='word_1_168' title='bbox 1260 2928 1522 2994; x_wconf 89' lang='lat' dir='ltr'><strong>Glaucis</strong></span> <span class='ocrx_word' id='word_1_169' title='bbox 1551 2943 1687 2992; x_wconf 90' lang='lat' dir='ltr'><strong>tum</strong></span> <span class='ocrx_word' id='word_1_170' title='bbox 1720 2928 1927 3015; x_wconf 87' lang='lat' dir='ltr'><strong>prima</strong></span> <span class='ocrx_word' id='word_1_171' title='bbox 1947 2927 2269 3018; x_wconf 31' lang='lat' dir='ltr'><strong>&#39;Minervae</strong></span> 
     </span>
     <span class='ocr_line' id='line_1_26' title="bbox 602 3030 2237 3118; baseline -0.001 -21"><span class='ocrx_word' id='word_1_172' title='bbox 602 3034 787 3097; x_wconf 87' lang='lat' dir='ltr'><strong>Nexa</strong></span> <span class='ocrx_word' id='word_1_173' title='bbox 814 3055 1056 3097; x_wconf 87' lang='lat' dir='ltr'><strong>comam</strong></span> <span class='ocrx_word' id='word_1_174' title='bbox 1085 3031 1271 3111; x_wconf 84' lang='lat' dir='ltr'><strong>foliis,</strong></span> <span class='ocrx_word' id='word_1_175' title='bbox 1300 3030 1605 3118; x_wconf 88' lang='lat' dir='ltr'><strong>fulvaque</strong></span> <span class='ocrx_word' id='word_1_176' title='bbox 1633 3030 1876 3095; x_wconf 85' lang='lat' dir='ltr'><strong>intexta</strong></span> <span class='ocrx_word' id='word_1_177' title='bbox 1903 3032 2237 3097; x_wconf 84' lang='lat' dir='ltr'><strong>micantem</strong></span> 
     </span>
     <span class='ocr_line' id='line_1_27' title="bbox 603 3132 2139 3221; baseline -0.001 -23"><span class='ocrx_word' id='word_1_178' title='bbox 603 3135 791 3199; x_wconf 91' lang='lat' dir='ltr'><strong>Veste</strong></span> <span class='ocrx_word' id='word_1_179' title='bbox 822 3135 1105 3221; x_wconf 85' lang='lat' dir='ltr'><strong>Tagum,</strong></span> <span class='ocrx_word' id='word_1_180' title='bbox 1137 3133 1292 3199; x_wconf 89' lang='lat' dir='ltr'><strong>tales</strong></span> <span class='ocrx_word' id='word_1_181' title='bbox 1318 3133 1561 3221; x_wconf 88' lang='lat' dir='ltr'><strong>profert</strong></span> <span class='ocrx_word' id='word_1_182' title='bbox 1592 3132 1908 3220; x_wconf 88' lang='lat' dir='ltr'><strong>Hispania</strong></span> <span class='ocrx_word' id='word_1_183' title='bbox 1934 3157 2139 3199; x_wconf 86' lang='lat' dir='ltr'><strong>voces.</strong></span> 
     </span>
    </p>

    <p class='ocr_par' dir='ltr' id='par_1_4' title="bbox 1308 3232 2445 3304">
     <span class='ocr_line' id='line_1_28' title="bbox 1308 3232 2445 3304; baseline 0.004 -7"><span class='ocrx_word' id='word_1_184' title='bbox 1308 3232 1315 3238; x_wconf 83' lang='grc'>’</span> <span class='ocrx_word' id='word_1_185' title='bbox 1679 3235 1906 3302; x_wconf 75' lang='lat' dir='ltr'><strong>LAun.</strong></span> <span class='ocrx_word' id='word_1_186' title='bbox 1944 3237 2131 3303; x_wconf 77' lang='lat' dir='ltr'><strong>Sru..</strong></span> <span class='ocrx_word' id='word_1_187' title='bbox 2164 3238 2266 3303; x_wconf 91' lang='lat'><strong>11.</strong></span> <span class='ocrx_word' id='word_1_188' title='bbox 2299 3241 2445 3304; x_wconf 73' lang='lat'><strong>223.</strong></span> 
     </span>
    </p>
   </div>
   <div class='ocr_carea' id='block_1_4' title="bbox 420 3372 1696 3468">
    <p class='ocr_par' dir='ltr' id='par_1_5' title="bbox 420 3372 1696 3468">
     <span class='ocr_line' id='line_1_29' title="bbox 420 3372 1696 3468; baseline 0 -24"><span class='ocrx_word' id='word_1_189' title='bbox 420 3374 607 3444; x_wconf 87' lang='lat' dir='ltr'><strong>Mox</strong></span> <span class='ocrx_word' id='word_1_190' title='bbox 646 3372 1075 3468; x_wconf 88' lang='lat' dir='ltr'><strong>Hispaniam</strong></span> <span class='ocrx_word' id='word_1_191' title='bbox 1110 3372 1383 3466; x_wconf 87' lang='lat' dir='ltr'><strong>excipit</strong></span> <span class='ocrx_word' id='word_1_192' title='bbox 1417 3372 1649 3444; x_wconf 87' lang='lat' dir='ltr'><strong>Gallia</strong></span> <span class='ocrx_word' id='word_1_193' title='bbox 1678 3397 1696 3456; x_wconf 90' lang='lat'>;</span> 
     </span>
    </p>
   </div>
   <div class='ocr_carea' id='block_1_5' title="bbox 599 3516 2179 3811">
    <p class='ocr_par' dir='ltr' id='par_1_6' title="bbox 599 3516 2179 3811">
     <span class='ocr_line' id='line_1_30' title="bbox 1289 3516 1923 3607; baseline 0.003 -26"><span class='ocrx_word' id='word_1_194' title='bbox 1289 3519 1465 3582; x_wconf 90' lang='lat' dir='ltr'><strong>Tum</strong></span> <span class='ocrx_word' id='word_1_195' title='bbox 1492 3516 1659 3584; x_wconf 86' lang='lat' dir='ltr'><strong>flava</strong></span> <span class='ocrx_word' id='word_1_196' title='bbox 1686 3541 1923 3607; x_wconf 85' lang='lat' dir='ltr'><strong>repexo</strong></span> 
     </span>
     <span class='ocr_line' id='line_1_31' title="bbox 599 3620 2179 3710; baseline 0.003 -24"><span class='ocrx_word' id='word_1_197' title='bbox 599 3620 808 3686; x_wconf 84' lang='lat' dir='ltr'><strong>Gallia</strong></span> <span class='ocrx_word' id='word_1_198' title='bbox 836 3620 1005 3686; x_wconf 90' lang='lat' dir='ltr'><strong>crine</strong></span> <span class='ocrx_word' id='word_1_199' title='bbox 1035 3621 1237 3699; x_wconf 88' lang='lat' dir='ltr'><strong>ferox,</strong></span> <span class='ocrx_word' id='word_1_200' title='bbox 1268 3620 1642 3708; x_wconf 88' lang='lat' dir='ltr'><strong>evinctaque</strong></span> <span class='ocrx_word' id='word_1_201' title='bbox 1671 3637 1898 3710; x_wconf 86' lang='lat' dir='ltr'><strong>torque</strong></span> <span class='ocrx_word' id='word_1_202' title='bbox 1927 3622 2179 3705; x_wconf 90' lang='lat' dir='ltr'><strong>decoro,</strong></span> 
     </span>
     <span class='ocr_line' id='line_1_32' title="bbox 600 3722 2143 3811; baseline 0.002 -24"><span class='ocrx_word' id='word_1_203' title='bbox 600 3722 885 3809; x_wconf 88' lang='lat' dir='ltr'><strong>Binaque</strong></span> <span class='ocrx_word' id='word_1_204' title='bbox 913 3745 1065 3810; x_wconf 86' lang='lat' dir='ltr'><strong>gesa</strong></span> <span class='ocrx_word' id='word_1_205' title='bbox 1093 3737 1332 3801; x_wconf 74' lang='lat' dir='ltr'><strong>tenenS,</strong></span> <span class='ocrx_word' id='word_1_206' title='bbox 1364 3722 1646 3788; x_wconf 89' lang='lat' dir='ltr'><strong>animoso</strong></span> <span class='ocrx_word' id='word_1_207' title='bbox 1674 3738 1928 3811; x_wconf 86' lang='lat' dir='ltr'><strong>pectore</strong></span> <span class='ocrx_word' id='word_1_208' title='bbox 1948 3725 2143 3790; x_wconf 79' lang='lat' dir='ltr'><strong>fatur.</strong></span> 
     </span>
    </p>
   </div>
   <div class='ocr_carea' id='block_1_6' title="bbox 416 3862 756 3945">
    <p class='ocr_par' dir='ltr' id='par_1_7' title="bbox 416 3862 756 3945">
     <span class='ocr_line' id='line_1_33' title="bbox 416 3862 756 3945; baseline -0.006 -12"><span class='ocrx_word' id='word_1_209' title='bbox 416 3862 529 3933; x_wconf 88' lang='lat' dir='ltr'><strong>Et</strong></span> <span class='ocrx_word' id='word_1_210' title='bbox 562 3884 756 3945; x_wconf 86' lang='lat' dir='ltr'><strong>mox,</strong></span> 
     </span>
    </p>
   </div>
   <div class='ocr_carea' id='block_1_7' title="bbox 599 4014 2060 4193">
    <p class='ocr_par' dir='ltr' id='par_1_8' title="bbox 599 4014 2060 4193">
     <span class='ocr_line' id='line_1_34' title="bbox 599 4014 2060 4096; baseline 0.002 -17"><span class='ocrx_word' id='word_1_211' title='bbox 599 4015 763 4081; x_wconf 88' lang='lat' dir='ltr'><strong>Inde</strong></span> <span class='ocrx_word' id='word_1_212' title='bbox 793 4014 1139 4081; x_wconf 87' lang='lat' dir='ltr'><strong>Caledonio</strong></span> <span class='ocrx_word' id='word_1_213' title='bbox 1168 4016 1373 4082; x_wconf 85' lang='lat' dir='ltr'><strong>velata</strong></span> <span class='ocrx_word' id='word_1_214' title='bbox 1401 4016 1730 4083; x_wconf 82' lang='lat' dir='ltr'><strong>Britannia</strong></span> <span class='ocrx_word' id='word_1_215' title='bbox 1759 4033 2060 4096; x_wconf 88' lang='lat' dir='ltr'><strong>monstro,</strong></span> 
     </span>
     <span class='ocr_line' id='line_1_35' title="bbox 1378 4124 1593 4193; baseline 0.009 -2"><span class='ocrx_word' id='word_1_216' title='bbox 1378 4140 1428 4191; x_wconf 83' lang='lat' dir='ltr'>B</span> <span class='ocrx_word' id='word_1_217' title='bbox 1464 4124 1511 4193; x_wconf 94' lang='lat' dir='ltr'>b</span> <span class='ocrx_word' id='word_1_218' title='bbox 1548 4128 1593 4192; x_wconf 86' lang='lat'><em>4</em></span> 
     </span>
    </p>
   </div>
   <div class='ocr_carea' id='block_1_8' title="bbox 36 4593 3482 5575">
    <p class='ocr_par' dir='ltr' id='par_1_9' title="bbox 36 4593 3482 5575">
     <span class='ocr_line' id='line_1_36' title="bbox 36 4593 3482 5575; baseline 0 6"><span class='ocrx_word' id='word_1_219' title='bbox 36 4593 3482 5575; x_wconf 95' lang='lat' dir='ltr'><strong> </strong></span> 
     </span>
    </p>
   </div>
   <div class='ocr_carea' id='block_1_9' title="bbox 2836 4276 3188 4590">
    <p class='ocr_par' dir='ltr' id='par_1_10' title="bbox 2836 4276 3188 4590">
     <span class='ocr_line' id='line_1_37' title="bbox 2836 4276 3188 4590; baseline 0 -214"><span class='ocrx_word' id='word_1_220' title='bbox 2836 4276 3188 4590; x_wconf 47' lang='lat' dir='ltr'><em>f</em></span> 
     </span>
    </p>
   </div>
   <div class='ocr_carea' id='block_1_10' title="bbox 3521 1262 3528 2885">
    <p class='ocr_par' dir='ltr' id='par_1_11' title="bbox 3521 1262 3528 2885">
     <span class='ocr_line' id='line_1_38' title="bbox 3521 1262 3528 2885; baseline 0 0"><span class='ocrx_word' id='word_1_221' title='bbox 3521 1262 3528 2885; x_wconf 95' lang='lat' dir='ltr'><strong> </strong></span> 
     </span>
    </p>
   </div>
   <div class='ocr_carea' id='block_1_11' title="bbox 3520 1262 3529 3256">
    <p class='ocr_par' dir='ltr' id='par_1_12' title="bbox 3520 1262 3529 3256">
     <span class='ocr_line' id='line_1_39' title="bbox 3520 1262 3529 3256; baseline 0 0"><span class='ocrx_word' id='word_1_222' title='bbox 3520 1262 3529 3256; x_wconf 95' lang='lat' dir='ltr'><strong> </strong></span> 
     </span>
    </p>
   </div>
   <div class='ocr_carea' id='block_1_12' title="bbox 3523 3406 3526 4238">
    <p class='ocr_par' dir='ltr' id='par_1_13' title="bbox 3523 3406 3526 4238">
     <span class='ocr_line' id='line_1_40' title="bbox 3523 3406 3526 4238; baseline 0 0"><span class='ocrx_word' id='word_1_223' title='bbox 3523 3406 3526 4238; x_wconf 95' lang='lat' dir='ltr'><strong> </strong></span> 
     </span>
    </p>
   </div>
  </div>
 </body>
</html>
