3559 5575
407 108 662 171 Pur„
694 108 918 173 XXX
932 154 949 171 .
1121 109 1251 174 DE
1301 110 1892 178 PHANTASIA.
2415 117 2544 184 395

408 300 473 348 a
526 280 890 351 translatis
941 281 1036 351 ad
1083 282 1371 373 propria
1416 294 1887 368 revertamur,
1921 295 1997 357 et
2032 287 2246 357 modo
2286 309 2400 358 res
2440 287 2546 358 ita

406 397 767 486 postulet,
818 396 1120 466 eandem
1171 407 1333 488 post
1378 399 1619 488 paullo
1669 409 2081 490 repetamus
2129 400 2543 495 imaginem,

409 520 560 582 aut
593 511 663 580 in
702 534 962 581 novam
998 511 1312 604 aliquam
1347 523 1816 585 transeamus,

530 626 1011 708 Quamobrem
1080 627 1641 719 pulcherrimum
1709 629 2032 722 ejusdem
2100 652 2389 701 carmen
2449 631 2542 702 ad

413 741 810 834 Pyrrham,
863 742 940 812 in
1000 765 1143 834 quo
1206 747 1698 835 metaphoram
1760 745 1865 815 bis
1932 744 2256 816 relictam
2324 748 2543 818 tertia

412 857 724 927 tandem
750 856 907 929 vice
941 857 1036 927 ad
1066 857 1283 926 finem
1311 869 1621 940 revocat,
1648 870 1894 929 tamen
1927 858 2315 952 improbari
2349 885 2540 957 aegre

413 973 667 1065 patior
700 973 905 1066 quasi
938 972 1270 1043 dictionis
1305 973 1483 1045 vitio
1516 975 1894 1046 laboraret.

957 1102 1112 1165 Heu
1142 1101 1388 1187 quoties
1414 1102 1606 1167 fidem

692 1204 1112 1290 Mutatosque
1142 1204 1316 1268 Deos
1346 1204 1545 1286 flebit,
1572 1218 1638 1270 et
1664 1227 1899 1294 aspera

691 1305 940 1392 Nigris
970 1326 1227 1392 aequora
1256 1309 1463 1372 ventis

690 1406 1088 1472 Emirabitur
1117 1407 1408 1487 insolenS,

776 1509 901 1587 Qui
931 1531 1100 1573 nunc
1131 1524 1193 1573 te
1221 1510 1460 1574 fruitur
1487 1509 1785 1575 credulus
1812 1533 2024 1590 aurea,

691 1609 817 1689 Qui
849 1633 1094 1697 semper
1120 1634 1409 1690 vacuam,
1440 1635 1685 1699 semper
1709 1611 2042 1677 amabilem

693 1713 936 1798 Sperat,
966 1715 1216 1777 nescius
1244 1736 1435 1778 aurae

690 1813 1014 1877 Fallacis!
1043 1813 1263 1877 Miseri
1291 1814 1526 1901 quibus

778 1915 1103 1978 Intentata
1129 1915 1309 1979 nites.
1399 1917 1517 1980 Me
1546 1917 1763 1980 tabula
1791 1937 1971 1981 sacer

702 2017 921 2080 Votiva
937 2019 1165 2103 paries
1192 2018 1439 2081 indicat
1465 2018 1668 2081 uvida

693 2118 1116 2204 Suspmdisse
1133 2120 1385 2205 potenti

701 2221 1077 2284 Vestimenta
1106 2222 1308 2284 maris
1335 2220 1495 2283 Deo.
2136 2221 2266 2284 On.
2299 2221 2356 2284 Ι.
2387 2223 2452 2286 5.

526 2349 775 2441 Atque
809 2351 967 2419 haec
998 2349 1292 2420 demum
1319 2345 1675 2419 sufficiant
1702 2348 1794 2418 de
1818 2346 2228 2444 Allegorico
2254 2349 2540 2422 dicendi

422 2488 727 2560 genere:
781 2487 922 2535 non
960 2488 1103 2557 quo
1137 2465 1241 2535 rei
1276 2464 1581 2556 copiosae
1615 2473 1834 2557 atque
1866 2465 2179 2560 eleganti
2214 2466 2385 2537 satis
2421 2487 2536 2538 me

422 2580 673 2651 fecisse
707 2580 1163 2665 contendam,
1198 2604 1364 2673 quae
1404 2581 1560 2672 jam
1607 2578 1684 2650 in
1734 2581 2125 2652 multorum
2164 2580 2362 2652 libris
2408 2582 2535 2653 diu

424 2719 510 2765 ac
543 2699 851 2768 multum
886 2707 997 2769 est
1030 2696 1439 2791 disputata:
1491 2697 1619 2767 sed
1651 2719 1743 2768 ne
1777 2696 2111 2769 inchoato
2146 2698 2341 2791 operi
2375 2721 2536 2791 per·

426 2810 728 2882 ficiendo
773 2823 1057 2906 tempus
1103 2813 1311 2895 desit,
1346 2812 1441 2882 ad
1484 2812 1840 2905 reliquum
1882 2813 2182 2905 poeticae
2217 2813 2393 2884 artis
2424 2813 2536 2883 in·

426 2935 934 3010 strumentum,
986 2951 1031 2998 a
1087 2951 1231 3020 quo
1279 2927 1679 3020 phantasiae
1723 2928 1833 2998 vis
1883 2929 2333 3019 potissimum
2380 2927 2535 3001 visa

426 3050 538 3112 est
571 3041 905 3133 pendere,
940 3041 1229 3114 omnino
1264 3044 1773 3115 maturandum
1809 3043 2036 3117 video.
