3559 5575
995 60 1128 126 306
1666 55 1911 121 PARS
1958 51 2418 120 SECUNDA‘
2592 54 2827 120 Pam..
2855 53 3127 121 XXIV.

1176 231 1322 295 Non
1351 226 1639 292 incendia
1666 225 2074 313 Carthaginis
2100 223 2338 312 impioe,

1172 331 1338 417 Ejus
1366 327 1480 415 qui
1510 326 1750 393 domita
1776 349 2008 391 nomen
2036 325 2120 390 ab
2148 326 2378 390 Africa

1171 433 1492 495 Lucratus
1521 428 1729 508 rediit,
1760 428 1991 493 elarius
2020 427 2304 492 indicant

1169 531 1451 611 Laudes,
1479 554 1673 618 quam
1708 531 1999 596 Calabrae
2031 529 2348 596 Pierides:
2398 551 2608 616 neque

1172 633 1239 699 Si
1267 633 1503 698 chartae
1532 632 1755 697 sileant
1783 632 1957 719 quod
1987 633 2150 696 bene
2176 630 2419 710 feceris,

1169 733 1536 799 Mercedem
1566 734 1785 799 tuleris
1806 777 2703 798 .........

1169 921 1461 1009 Dignum
1476 866 1678 986 ’lau-de
1694 865 1931 985 viriim
1946 922 2146 985 Musa
2171 865 2346 985 veiat
2359 865 2550 984 'mo-ri.
2578 865 2593 880 ⁵
2689 864 2705 880 ·

2281 1023 2469 1087 Hoa.
2501 1024 2628 1087 On.
2664 1020 2782 1086 IV.
2810 1023 2877 1099 8,
2910 1021 3022 1086 13.

1097 1154 1356 1249 Neque
1388 1156 1599 1227 aliter
1630 1156 1720 1226 de
1753 1157 1889 1226 hac
1922 1177 2001 1226 re
2045 1154 2366 1246 superbit
2401 1153 2780 1234 PindaruS,
2816 1173 2983 1222 cum
3034 1172 3111 1222 se

994 1271 1350 1341 clarorum
1381 1271 1698 1341 virorum
1735 1270 1984 1341 laudes
2030 1269 2330 1361 posteris
2380 1267 2882 1339 commendare
2926 1289 3112 1358 prae-

995 1384 1213 1469 dicat,
1247 1408 1393 1456 non
1430 1385 1704 1457 Statuis
1745 1409 1893 1455 una
1938 1385 2011 1454 in
2060 1386 2228 1456 sede
2270 1384 2457 1468 fixis,
2492 1385 2619 1456 sed
2651 1381 3110 1454 Carminibus

991 1523 1157 1593 quae
1191 1500 1454 1592 passim
1489 1501 1583 1571 ad
1615 1500 1909 1571 ultimas
1944 1510 2302 1572 terrarum
2334 1525 2496 1573 oras
2526 1499 2729 1572 *venti
2764 1499 3034 1570 ferunt.

1339 1638 1470 1697 Οὐκ
1501 1635 1939 1721 ἀνδριαντοποιός
1968 1640 2044 1699 εἷ-

1423 1739 1510 1818 μ.’,
1539 1734 1674 1800 ὥστ’
1705 1737 2070 1802 ἔλινῦσσοντίι
2098 1740 2161 1819 μ’
2195 1739 2432 1823 ἑργᾶζε-

1509 1841 1635 1902 σθαι
1666 1839 1972 1922 ἀγάλματ’
2003 1841 2082 1903 ἐπ’
2116 1845 2293 1915 αὐτοῖς
2323 1840 2587 1922 βαθμίδος

1334 1940 1628 2004 ‘Eo-rao'r’.
1661 1942 1795 2004 ἀλλ’
1828 1942 1913 2004 ἐπὶ
1944 1941 2136 2016 πάσας

1333 2042 1617 2116 Ὀλκᾶδος
1648 2042 1700 2104 ἔν
1729 2044 1779 2106 τ’
1813 2042 2036 2129 ἀκάτῳ,
2070 2047 2291 2128 γλυκεῖ’
2321 2046 2483 2108 ἀοιδαὶ

1341 2143 1546 2230 Στεῖχ’
1575 2146 1669 2208 ἀπ’
1700 2144 1958 2229 Αἰγίνας.
2010 2193 2027 2209 .
2077 2194 2091 2207 .
2619 2146 2815 2211 Nl-:lt-
2846 2144 2930 2209 V.
2957 2148 3021 2210 l.

1090 2299 1311 2369 Suam
1347 2321 1516 2368 vero
1550 2320 1691 2368 non
1735 2297 2029 2369 dubiam
2078 2297 2347 2368 futurae
2395 2296 2607 2368 famae
2651 2321 2855 2390 spem
2905 2321 3114 2394 mag-

988 2412 1197 2483 nifice
1242 2412 1451 2483 effert
1495 2412 1866 2495 Horatius,
1911 2399 2344 2508 imaginibus
2390 2413 2711 2507 undique
2760 2437 2856 2485 ex
2905 2413 3111 2485 omni

989 2537 1270 2597 naturae
1305 2549 1597 2620 corpore
1631 2527 2071 2620 conquisitis·

1248 2694 1454 2782 Exegi
1481 2708 1962 2760 monumentum
1993 2720 2117 2761 oere
2144 2696 2502 2783 perenniuS,

1248 2798 1602 2886 Regalique
1632 2798 1756 2863 situ
1794 2800 2210 2887 Pyramidum
2238 2799 2451 2880 altius,

1248 2900 1436 2980 Quod
1469 2919 1594 2965 non
1623 2901 1826 2966 imber
1853 2901 2042 2981 edax,
2072 2923 2198 2965 non
2233 2900 2479 2988 Aquilo
2506 2901 2822 2989 impotens

1251 3005 1459 3071 Possit
1488 3005 1759 3085 diruere,
1792 3017 1905 3069 aut
1932 3003 2408 3069 innumerabilis

1247 3109 1586 3172 Annorum
1619 3107 1826 3186 serieS,
1858 3119 1923 3172 et
1951 3106 2110 3194 fuga
2138 3120 2513 3194 temporum.

1247 3210 1399 3273 Non
1426 3210 1628 3273 omnis
1658 3209 1909 3288 moriar,
1941 3208 2273 3296 multaque
2303 3232 2452 3295 pars
2480 3208 2604 3273 mei

1248 3309 1492 3374 vitabit
1520 3309 1892 3376 Libitinam.
1984 3311 2207 3398 Usque
2235 3333 2356 3398 ego
2384 3326 2638 3398 postera

1248 3409 1540 3474 Creseam
1567 3409 1756 3475 laude
1787 3435 2024 3492 recenS,
2055 3411 2212 3476 dum
2247 3410 2634 3499 Capitolium

1244 3510 1520 3575 Scandet
1547 3534 1692 3576 cum
1724 3513 1915 3577 tacita
1941 3513 2186 3601 virgine
2220 3512 2543 3579 Pontifex.

1083 3688 1295 3761 Adeo
1340 3699 1585 3761 autem
1624 3689 1764 3762 ista
1800 3692 2136 3785 cupidine
2172 3693 2597 3764 imbuuntur
2630 3684 2981 3779 homines,
3015 3704 3107 3765 ut

986 3806 1295 3914 scintilla
1328 3806 1540 3877 modo
1588 3808 1914 3881 adhibita
1958 3819 2194 3881 totum
2247 3832 2370 3880 cor
2415 3808 2603 3881 illico
2655 3810 3109 3896 exardescat,

987 3930 1064 3993 et
1097 3922 1274 4016 quid
1320 3921 1410 3994 de
1457 3945 1531 3994 se
1571 3922 1929 4017 judicium
1974 3924 2212 3996 ferant
2246 3923 2512 4018 posteri
2550 3923 2774 4016 pluris
2806 3922 3106 4006 faciant,
