3559 5575
942 77 1074 145 266
1182 77 1425 143 PARS
1473 74 1920 141 SECUNDA
1964 73 2094 139 DE
2142 72 2548 138 AFF'ECT.
2610 73 2843 138 Palu..
2878 74 3078 138 XX.

943 250 1263 338 nuntius,
1304 249 1537 343 primo
1585 246 1945 340 Polynicis
1993 257 2071 319 et
2105 246 2426 318 Eteoclis
2475 254 2764 317 mutuas
2816 247 3079 318 caedes

943 362 1741 446 narraturus—deinde,
1779 363 1830 432 J
1831 371 2095 433 ocastae
2144 384 2395 432 necem
2448 384 2580 431 sua
2634 360 2770 433 sibi
2831 385 3079 432 manu

942 481 1500 570 illatam—post,
1552 476 1993 572 Argivorum
2044 478 2292 572 fugam
2346 486 2422 548 et
2472 477 3077 548 cladem—Hinc

943 594 1189 686 OEdipi
1247 603 1323 664 et
1373 593 1777 687 Antigones
1836 593 2155 664 alternus
2215 592 2437 675 dolor,
2490 616 2633 685 quo
2690 593 3076 663 infelicem

944 719 1248 780 matrem
1309 717 1384 780 et
1433 708 1690 779 fratres
1749 708 2163 780 interfectos
2221 719 2752 800 prosequuntur
2801 720 2880 779 et
2935 710 3075 779 do-

945 848 1145 897 mum
1178 824 1504 895 funditus
1538 823 2303 915 eversam—(Edipum
2339 832 2585 895 autem
2618 824 2857 915 ipsum
2882 848 3072 895 mox

947 940 1185 1012 Creon
1229 939 1449 1011 exilio
1493 939 2219 1031 multat—Polynicis
2269 940 2577 1010 cadaver
2622 939 2820 1011 idem
2869 939 3074 1011 inse-

945 1059 1229 1149 pultum
1279 1056 1468 1126 foras
1517 1053 1770 1149 projici
1808 1054 2455 1149 jubet-—Denique
2499 1054 2872 1149 Antigone
2926 1055 3073 1125 mi·

948 1196 1104 1245 sero
1135 1173 1325 1266 patri
1359 1170 1691 1243 comitem
1729 1193 1805 1240 se
1839 1170 2194 1265 adJungit,
2229 1169 2432 1242 exilii
2461 1170 2731 1262 pariter
2770 1180 2847 1241 et
2880 1194 3073 1263 pau-

946 1286 1246 1381 pertatis
1279 1286 1634 1379 particeps
1667 1286 1937 1355 futura.

1050 1402 1358 1473 Minime
1406 1400 1683 1472 interea
1731 1400 1808 1471 id
1860 1423 1976 1471 me
2018 1400 2233 1494 fugit,
2280 1400 2476 1493 quod
2523 1401 2847 1492 pluribus
2900 1425 3071 1493 per-

949 1518 1137 1589 sonis
1181 1511 1440 1586 eadem
1490 1511 1915 1585 calamitate
1959 1511 2340 1609 implicitis
2383 1514 2627 1587 licebit
2670 1516 2806 1599 uti,
2843 1518 3068 1589 modo

948 1633 1023 1702 in
1059 1654 1285 1701 unum
1319 1632 1499 1701 bene
1534 1653 1789 1723 corpus
1824 1640 2101 1712 coeant,
2133 1639 2209 1701 et
2245 1632 2336 1701 ab
2380 1654 2527 1702 uno
2568 1631 2774 1724 quasi
2818 1634 3068 1725 capite

950 1748 1331 1841 pendeant.
1411 1746 1646 1816 Immo
1678 1746 1919 1837 potius
1954 1745 2429 1837 pulchriorem
2465 1730 2705 1817 reddit
2735 1746 3068 1818 fabulam

951 1858 1026 1935 et
1053 1865 1313 1934 affectu
1349 1862 1772 1956 graviorem,
1798 1862 1876 1931 in
1909 1849 2052 1953 qua
2084 1871 2324 1934 exstet
2350 1861 2606 1955 aliquis
2639 1872 2716 1934 et
2740 1863 3068 1935 emineat

950 1978 1300 2072 princepsa,
1335 1987 1462 2048 aut
1495 2000 1627 2048 rex
1676 1985 1804 2048 aut
1850 1977 2382 2068 paterfamilias,
2418 1977 2477 2047 si
2528 1977 2781 2048 eodem
2830 1979 3069 2051 conti·

951 2092 1108 2164 neri
1139 2092 1292 2163 fato
1332 2092 1727 2186 contingat,
1762 2113 1940 2184 quos
1984 2090 2192 2162 facile
2242 2091 2475 2185 quivis
2525 2115 2691 2162 cum
2735 2093 3065 2186 principe

951 2208 1128 2300 ipso,
1164 2206 1410 2279 ordine
1456 2206 1764 2300 quodam
1813 2230 1896 2277 ac
1940 2216 2267 2298 respectu
2310 2217 2613 2293 servato,
2645 2211 3062 2304 conjunget.

954 2323 1213 2415 Neque
1245 2323 1437 2393 enim
1472 2322 1573 2392 sic
1607 2330 1925 2393 mentem
1952 2320 2252 2392 distrahi
2287 2321 2613 2417 contigit,
2640 2332 2765 2394 aut
2792 2346 2949 2394 rem
2983 2325 3063 2393 in

951 2438 1183 2508 frusta
1217 2437 1775 2508 dissecari—sed
1807 2447 2022 2529 prout
2048 2447 2306 2508 natura
2333 2438 2581 2520 voluit,
2606 2438 2886 2530 corpori
2912 2440 3066 2509 affi-

952 2562 1226 2647 guntur
1260 2554 1600 2634 membra,
1625 2562 1702 2622 et
1735 2562 1974 2623 totum
2009 2553 2352 2646 quiddam
2386 2553 2710 2637 efficitur,
2735 2555 3062 2646 partibus

955 2678 1121 2759 apte
1153 2666 1344 2738 inter
1376 2687 1451 2737 se
1484 2666 1850 2753 connexis,
1884 2678 1961 2739 et
1985 2678 2334 2740 concentu
2368 2667 2573 2761 quasi
2605 2681 2859 2741 mutuo
2895 2694 3062 2742 con-

954 2783 1408 2878 spirantibus,

1058 2901 1271 2971 Hanc
1295 2909 1540 2970 autem
1564 2898 2037 2991 quaestionem
2061 2924 2155 2972 ne
2179 2901 2451 2973 diutius
2484 2923 2870 2996 persequar
2900 2926 3062 2996 pm-

956 3017 1156 3088 hibet
1187 3014 1504 3086 institu‘ti
1538 3013 1769 3107 operis
1805 3036 2077 3093 norma,
2112 3039 2208 3086 ex
2254 3040 2396 3109 qua
2439 3017 2710 3089 scilicet
2742 3040 3057 3089 seorsum

957 3132 1301 3205 sumenda
1340 3130 1665 3227 judicavi
1714 3153 2163 3223 quaecunque
2212 3131 2305 3202 ad
2350 3132 2584 3223 prima
2626 3133 2803 3204 artis
2840 3134 3060 3205 linea-

961 3258 1204 3319 menta
1235 3247 1593 3340 pertinere
1626 3245 2076 3328 videbantur,
2110 3248 2442 3342 legesque
2475 3246 2632 3318 illas
2665 3272 2761 3319 ex
2801 3249 3058 3342 quibus

956 3372 1115 3433 tota
1145 3362 1354 3432 condi
1390 3361 1696 3432 debeant
1730 3371 1951 3454 atque
1984 3360 2354 3432 informari
2384 3374 2740 3454 poemata.
2819 3365 3059 3447 Quare

958 3478 1280 3548 absoluta
1299 3470 1562 3570 prima
1597 3478 1729 3546 hac
1756 3476 1846 3547 de
1874 3477 2276 3548 Affectibus
2301 3488 2527 3570 parte,
2553 3479 2645 3550 ad
2673 3481 3058 3552 secundam

959 3593 1227 3675 statim,
1260 3592 1411 3663 sive
1443 3591 1535 3662 ad
1569 3587 1999 3663 Sententiae
2030 3594 2548 3666 transeundum
2582 3595 2743 3667 erit.

3313 1043 3317 1126 4
