3559 5575
478 141 542 206 180
633 157 636 166 ·
812 203 815 208 ,
843 136 965 202 PARS
988 135 1148 202 PRIMA
1329 137 1442 204 Pur.
1459 139 1535 206 IX.

521 307 600 387 Quis
614 305 729 386 veniat,
744 310 965 393 quantusque!
984 304 1046 370 ”sed
1058 303 1188 370 horrido
1201 305 1292 394 signu
1302 306 1467 374 frementis

519 408 661 496 Accipit,
676 419 707 472 et
721 430 805 474 crece
818 408 949 472 metitur
963 430 1127 472 murmuro
1140 431 1225 472 curs.
1257 410 1370 474 Tuus.
1383 412 1441 475 1v.
1455 413 1536 479 405.

476 545 614 618 Iterum
632 545 678 615 de
696 544 844 616 Eteocle
861 569 946 616 ense
962 547 1158 626 transfixo;

521 663 581 728 Ille
596 662 705 728 dolens
719 663 860 728 nondum
876 665 930 728 sed
946 665 1050 752 primo
1064 663 1182 750 frigore
1195 664 1270 728 ferri

522 765 681 830 Territus.
1010 786 1015 790 ’
1259 767 1371 832 Turn.
1387 768 1437 831 11.
1452 770 1534 832 544.

477 877 635 948 Pastoris
662 887 783 948 sutem
808 878 969 948 dolorem
995 879 1040 948 ob
1066 886 1224 971 stragem
1252 877 1349 948 iuter
1376 879 1534 971 pecudes

475 1002 585 1064 noctu
602 993 737 1064 factum
755 995 851 1063 huuc
868 992 907 1064 in
926 993 1073 1064 modum
1091 992 1266 1086 depingit.

521 1129 611 1192 Luce
625 1142 735 1214 putent
749 1127 870 1191 credes:
894 1127 1023 1191 domino
1037 1128 1176 1214 perferre
1189 1142 1330 1192 recentes

521 1230 596 1316 Ipse
612 1229 701 1294 timet
716 1253 824 1304 casus3
849 1229 1026 1315 haustaque
1040 1228 1184 1294 informis
1197 1251 1292 1292 arena

521 1329 692 1405 Questibus
706 1328 815 1418 implet
830 1353 934 1418 agros,
948 1329 1128 1417 stabulique
1142 1329 1265 1394 silentiu
1279 1328 1387 1416 magni

520 1431 610 1509 Odit,
625 1445 658 1494 et
670 1432 798 1496 omissos
812 1431 908 1520 longo
922 1432 983 1496 ciet
996 1431 1107 1495 ordine
1122 1444 1239 1496 tauros.
1262 1432 1378 1494 Turn.
1389 1430 1461 1493 111.
1474 1431 1530 1494 50.

525 1563 598 1633 Ubi
624 1577 756 1635 caetcro
780 1576 864 1636 sunt
889 1566 975 1636 satis
1004 1565 1357 1657 communio—quod
1385 1563 1531 1635 domiuo

476 1701 564 1760 rem,
581 1678 744 1771 quamvis
763 1679 896 1765 insons,
913 1681 1051 1751 deleme
1075 1690 1225 1764 metuat,
1242 1703 1290 1750 ex
1315 1688 1445 1750 natura
1469 1699 1531 1770 pe-

476 1793 575 1864 nitus
591 1794 787 1866 deductum
804 1795 958 1866 videtur.

527 1909 746 1980 Praeclsrum
763 1909 802 1980 in
819 1911 945 1982 eodem
967 1933 1098 2004 genere
1121 1918 1176 1981 est
1192 1909 1283 1980 illud
1305 1909 1352 1980 de
1369 1907 1532 1979 Mulieri·

476 2023 543 2104 bus
559 2023 721 2095 Lemniis
738 2025 775 2096 in
793 2025 920 2117 quinto
935 2023 1150 2105 Thebaidos,
1165 2046 1248 2115 quae
1260 2025 1333 2093 sole
1344 2024 1423 2115 jam
1440 2031 1529 2103 orto,

476 2147 514 2212 et
531 2138 725 2212 foedissima
740 2139 836 2211 illius
852 2139 968 2211 noctis
985 2137 1167 2230 patefacta
1184 2138 1294 2220 caede,
1312 2137 1458 2207 tandem
1483 2135 1531 2206 ud

470 2254 612 2347 justum
642 2256 808 2326 facinoris
835 2255 958 2326 odium
988 2263 1097 2345 utque
1129 2254 1311 2324 horrorem
1338 2274 1530 2334 conversae,

477 2380 621 2438 mutuos
637 2369 747 2440 etiam
765 2379 928 2460 aspectus
946 2378 1137 2440 verentur:

563 2535 752 2620 Quanquam
767 2533 848 2600 inter
862 2535 976 2600 similes
990 2537 1118 2602 habitus
1131 2535 1241 2600 rubor.
1276 2535 1389 2599 Tuon.
1402 2535 1441 2613 ll.
1453 2537 1528 2599 300.

525 2707 654 2802 Neque
671 2707 886 2779 mediocrem
907 2712 1042 2782 habent
1058 2711 1201 2782 leudem
1224 2709 1295 2781 ista
1317 2711 1362 2780 de
1378 2710 1530 2781 Adoles-

475 2831 579 2893 cente
596 2821 749 2906 Achille,
767 2846 875 2917 quem
898 2825 973 2897 fere
999 2825 1155 2897 invitum
1181 2850 1204 2895 e
1228 2826 1373 2897 latebris
1397 2827 1529 2898 abduc·

474 2945 565 3021 tum,
595 2947 637 3008 ut
665 2937 801 3009 Graecis
836 2950 922 3010 ante
948 2940 1097 3034 Trojam
1127 2940 1263 3010 auxilio
1296 2963 1373 3011 esse
1406 2939 1527 3033 possit,

474 3049 620 3143 Ulysses
645 3051 737 3122 mira
762 3062 840 3124 arte
864 3055 1084 3145 permulcet;
1110 3053 1290 3147 efficitque
1308 3054 1468 3141 taudem,
1484 3064 1527 3125 ut

473 3188 700 3239 communem
724 3167 816 3238 iram
842 3169 1014 3240 adversus
1040 3170 1161 3239 hostes
1186 3168 1373 3259 concipiat.
1424 3168 1529 3237 Post·

473 3303 582 3372 quam
607 3282 705 3353 enim
727 3284 913 3375 complura
934 3283 1076 3375 copiosa
1099 3283 1259 3354 oratioue
1284 3282 1527 3374 percurrisset,

473 3415 544 3484 quo
561 3393 730 3487 iujuriam
749 3396 914 3467 Menelao
937 3420 1010 3468 non
1033 3398 1148 3468 levem
1172 3420 1249 3467 esse
1272 3396 1407 3470 luctam
1431 3418 1529 3467 com-

474 3515 699 3592 monstraret,
713 3510 760 3580 ad
776 3520 979 3581 extremum
998 3510 1139 3605 quaen't,
1154 3534 1311 3604 quonam
1327 3512 1403 3605 ipse
1421 3532 1527 3582 seusu

474 3621 673 3695 afficeretur
688 3622 725 3692 in
744 3645 851 3694 causa
867 3624 985 3695 simili.

561 3774 646 3854 Quid
661 3775 687 3840 si
701 3798 786 3840 nunc
799 3776 914 3864 uliquis
926 3780 1036 3866 patriis
1049 3792 1201 3866 rapturus
1213 3778 1255 3844 ob
1269 3778 1332 3843 oris

560 3876 748 3943 Deidamian
762 3892 823 3956 eut,
838 3878 999 3968 viduaque
1012 3903 1031 3946 a
1044 3881 1118 3945 sede
1132 3878 1263 3948 revellat

560 3977 752 4061 Attonitum,
767 3992 798 4044 et
813 3981 920 4067 magni
934 3981 1119 4049 clamantem
1134 4004 1248 4046 nomen
1264 3979 1424 4045 Achillis?
