3559 5575
1007 65 1141 132 846
1689 58 1932 126 PARS
1979 59 2427 124 SECUNDA
2556 57 2783 122 Pam..
2811 59 3192 126 XXVII.

1008 262 1102 311 ne
1134 239 1292 309 laus
1325 236 1748 331 cujusquam
1775 236 1878 305 ea:
1910 229 2155 328 φεῖτιε
2185 255 2310 304 ore
2342 232 2760 324 proveniat:
2797 234 3015 327 quod
3049 233 3185 305 in·

1008 355 1175 447 ep'te
1210 373 1727 444 nonnunquam
1762 360 1874 422 est
1907 350 2224 422 factum:
2276 358 2361 420 ut
2393 349 2471 421 in
2510 349 2662 421 his:

1182 490 1353 567 Vixi,
1384 489 1561 575 quod
1589 486 1788 565 volui,
1820 510 2065 574 semper
2091 487 2274 565 bene,
2307 510 2552 575 pauper
2579 487 2840 552 honeste
2867 510 2887 550 :

1267 586 1592 656 Fraudavi
1627 588 1900 669 nullum,
1929 590 2107 677 quod
2128 589 2319 677 juvat
2345 612 2486 654 ossa
2514 613 2670 654 mea.

2008 693 2208 758 Eme..
2239 714 2330 756 m·
2363 694 2588 758 Pomt.
2621 695 2791 758 Pin.
2822 716 2895 781 p.
2925 696 3055 765 99.
3351 645 3352 735 l

1006 829 1171 911 Qua
1219 824 1513 918 quidem
1565 823 1776 914 culpa
1826 844 1971 892 non
2018 831 2280 892 vacant
2332 822 2691 916 elegantia
2736 823 2913 893 satis
2975 846 3152 894 car-

1009 943 1207 1014 mina
1237 941 1316 1014 in
1355 940 1779 1010 Homonoeae
1817 938 2119 1021 tumulo,
2156 936 2432 1007 Tiberii
2466 936 2934 1030 Imperatoris
2967 962 3144 1010 aevo

1010 1067 1096 1130 ut
1129 1058 1381 1141 fertur,
1416 1053 1779 1146 inscripta.

1184 1194 1295 1257 Tu
1327 1189 1439 1278 qui
1469 1211 1686 1254 secura
1713 1185 2001 1276 procedis
2030 1198 2261 1264 mente,
2292 1207 2637 1274 parumper

1271 1293 1434 1358 Siste
1459 1291 1755 1379 gradum,
1788 1313 2025 1378 quaem,
2057 1289 2377 1376 verbaque
2404 1311 2611 1376 pauca
2637 1287 2799 1377 lege.

1180 1393 1302 1459 Illa
1329 1417 1449 1481 ego
1477 1417 1625 1480 quae
1650 1392 1832 1458 claris
1860 1393 2106 1457 fueram
2137 1391 2399 1479 praelata
2428 1390 2657 1479 puellis

1269 1497 1416 1559 Hoc
1448 1496 1812 1559 Homonoea
1840 1494 2016 1559 brevi
2044 1494 2299 1559 condita
2327 1516 2467 1558 sum
2500 1492 2767 1559 tumulo.

1179 1597 1304 1663 Cui
1332 1597 1602 1661 formam
1633 1596 1900 1684 Paphiae
1932 1596 2224 1663 Charites
2254 1596 2531 1665 tribuere
2558 1595 2870 1675 denorum,

1264 1701 1470 1778 Quam
1504 1697 1715 1762 Pallas
1742 1698 1987 1764 cunctis
2014 1698 2259 1764 artibus
2285 1698 2546 1764 erudiit.

1178 1801 1484 1866 Nondum
1510 1801 1610 1866 bis
1639 1801 1837 1865 denos
1866 1814 2019 1866 aetas
2048 1824 2189 1866 mea
2218 1800 2462 1866 viderat
2488 1824 2721 1866 annos:

1265 1903 1548 1988 Injecere
1575 1926 1801 1967 manus
1828 1903 2045 1968 invida
2071 1903 2205 1968 fata
2232 1903 2410 1968 mihi.

1179 2008 1315 2072 Nec
1342 2029 1462 2094 pro
1491 2029 1591 2071 me
1617 2028 1851 2094 queror
1879 2005 2024 2086 hoc,
2055 2021 2257 2070 morte
2286 2020 2381 2070 est
2409 2004 2563 2070 mihi
2594 2005 2829 2071 tristior
2857 2005 3004 2094 ipsa

1265 2111 1511 2176 Maeror
1533 2108 1806 2175 Atimeti
1834 2108 2121 2197 conjugis
2147 2108 2254 2174 ille
2280 2109 2421 2173 mei.

1930 2213 2292 2276 Fauna-rr.
2327 2213 2510 2275 Mus·
2543 2212 2794 2275 LAmn.
2824 2234 2889 2298 p.
2921 2213 3033 2276 84.

1006 2456 1012 2462 ·
1097 2429 1375 2502 Verum
1401 2433 1494 2503 ad
1524 2433 1833 2503 alterum
1857 2453 2086 2526 genus
2110 2433 2631 2504 transeundum
2652 2435 2810 2527 jam
2835 2445 2969 2516 est,
2998 2457 3121 2505 εο-

1000 2568 1162 2616 rum
1193 2546 1464 2619 scilicet
1497 2571 1661 2641 quae
1693 2545 2180 2643 superstitum
2214 2547 2528 2643 qfflectus
2558 2549 2920 2630 referunt;
2954 2550 3120 2643 qui-

999 2662 1132 2732 bus
1163 2661 1429 2733 idcirco
1461 2663 1724 2757 largior
1756 2665 2062 2737 debetur
2097 2666 2346 2739 venia:
2397 2688 2632 2759 neque
2665 2665 2858 2737 enim
2895 2667 2958 2738 si
2993 2691 3115 2739 ve-

998 2802 1113 2851 ros
1148 2779 1419 2873 spirent
1447 2780 1742 2864 dolores,
1768 2780 1843 2852 in
1872 2783 2160 2875 syllabis
2196 2781 2635 2875 aucupandis
2667 2806 2915 2877 aequus
2949 2784 3112 2878 quis

986 2898 1224 2992 judex
1277 2898 1606 2970 absumet
1657 2921 1968 2991 operam,
2022 2911 2150 2971 aut
2202 2910 2644 2975 mortuorum
2705 2900 2955 2972 laudes
3017 2902 3110 2972 ad

995 3012 1223 3106 ipsam
1260 3013 1584 3086 veritatis
1630 3035 1954 3084 normam
2003 3016 2270 3110 exiget.
2375 3015 2871 3108 Simplicitatis
2913 3017 3112 3088 haud

995 3113 1211 3201 dubie
1261 3132 1573 3221 palmam
1624 3129 1765 3200 fert
1802 3128 2122 3200 'formula
2165 3131 2311 3214 ina,
2355 3154 2500 3224 qua
2538 3140 2863 3203 veterum
2916 3156 3110 3203 com-

995 3247 1234 3336 plures
1269 3249 1502 3319 solent
1535 3246 1668 3329 uti,

1688 3363 1917 3441 Χρῆστι
1948 3357 2150 3442 Χαῖρε.

996 3469 1182 3540 Haec
1207 3479 1474 3553 autem,
1501 3482 1868 3565 utcunque
1894 3481 2177 3542 naturae
2202 3471 2423 3543 fuerit
2447 3483 2947 3557 consentanea,
2967 3497 3104 3544 usu

992 3596 1233 3657 tamen
1270 3585 1580 3658 contrita
1611 3589 1907 3660 tandem
1935 3588 2061 3659 fiat
2087 3610 2373 3660 necesse
2406 3598 2517 3660 est
2542 3598 2759 3682 atque
2795 3590 3102 3661 exoleta.

991 3703 1100 3773 At
1125 3703 1480 3777 sententia
1504 3705 1742 3798 aliqua
1766 3705 2166 3799 interjecta,
2189 3706 2432 3798 quales
2458 3705 2743 3776 abunde
2770 3705 3104 3797 suppedi-

992 3820 1174 3893 tabit
1204 3845 1350 3893 sors
1383 3820 1505 3893 illa
1539 3821 1912 3893 hominum
1948 3821 2348 3895 communis
2382 3831 2600 3915 atque
2634 3819 2915 3903 ultima,
2940 3844 3103 3915 gra-

990 3937 1192 4023 tiam,
1219 3938 1681 4033 quantumvis
1706 3938 1990 4022 iterata,
2018 3961 2244 4030 usque
2280 3959 2538 4009 novam
2572 3935 2807 4008 inibit.
2863 3938 3097 4020 Quem
