<?xml version="1.0" encoding="UTF-8"?>
<!DOCTYPE html PUBLIC "-//W3C//DTD XHTML 1.0 Transitional//EN"
    "http://www.w3.org/TR/xhtml1/DTD/xhtml1-transitional.dtd">
<html xmlns="http://www.w3.org/1999/xhtml" xml:lang="en" lang="en">
 <head>
  <title>
</title>
<meta http-equiv="Content-Type" content="text/html;charset=utf-8" />
  <meta name='ocr-system' content='tesseract 3.04.00' />
  <meta name='ocr-capabilities' content='ocr_page ocr_carea ocr_par ocr_line ocrx_word'/>
</head>
<body>
  <div class='ocr_page' id='page_1' title='image "./praelectionesac00coplgoog_0093.png"; bbox 0 0 3559 5575; ppageno 0'>
   <div class='ocr_carea' id='block_1_1' title="bbox 540 169 1630 243">
    <p class='ocr_par' dir='ltr' id='par_1_1' title="bbox 540 169 1630 243">
     <span class='ocr_line' id='line_1_1' title="bbox 540 169 1630 243; baseline -0.004 -1"><span class='ocrx_word' id='word_1_1' title='bbox 540 173 583 243; x_wconf 80' lang='lat'><strong>76</strong></span> <span class='ocrx_word' id='word_1_2' title='bbox 906 171 1029 236; x_wconf 83' lang='lat' dir='ltr'>PARS</span> <span class='ocrx_word' id='word_1_3' title='bbox 1051 169 1212 234; x_wconf 83' lang='lat' dir='ltr'>PRIMA</span> <span class='ocrx_word' id='word_1_4' title='bbox 1406 170 1532 235; x_wconf 72' lang='lat' dir='ltr'><strong>Pur..</strong></span> <span class='ocrx_word' id='word_1_5' title='bbox 1556 173 1630 238; x_wconf 83' lang='lat' dir='ltr'><strong>vl.</strong></span> 
     </span>
    </p>
   </div>
   <div class='ocr_carea' id='block_1_2' title="bbox 538 343 1628 1134">
    <p class='ocr_par' dir='ltr' id='par_1_2' title="bbox 538 343 1628 784">
     <span class='ocr_line' id='line_1_2' title="bbox 539 343 1628 440; baseline -0.003 -19"><span class='ocrx_word' id='word_1_6' title='bbox 539 348 634 422; x_wconf 94' lang='lat' dir='ltr'><strong>utin</strong></span> <span class='ocrx_word' id='word_1_7' title='bbox 652 345 847 440; x_wconf 82' lang='lat' dir='ltr'><strong>posteriora</strong></span> <span class='ocrx_word' id='word_1_8' title='bbox 864 353 1027 438; x_wconf 89' lang='lat' dir='ltr'><strong>tempora</strong></span> <span class='ocrx_word' id='word_1_9' title='bbox 1040 343 1169 416; x_wconf 81' lang='lat' dir='ltr'><strong>incidit</strong></span> <span class='ocrx_word' id='word_1_10' title='bbox 1186 366 1297 437; x_wconf 87' lang='lat' dir='ltr'><strong>quam</strong></span> <span class='ocrx_word' id='word_1_11' title='bbox 1313 353 1357 416; x_wconf 89' lang='lat' dir='ltr'><strong>ut</strong></span> <span class='ocrx_word' id='word_1_12' title='bbox 1373 344 1540 439; x_wconf 87' lang='lat' dir='ltr'><strong>principi</strong></span> <span class='ocrx_word' id='word_1_13' title='bbox 1560 347 1628 418; x_wconf 93' lang='lat' dir='ltr'><strong>illi</strong></span> 
     </span>
     <span class='ocr_line' id='line_1_3' title="bbox 539 458 1628 556; baseline -0.004 -20"><span class='ocrx_word' id='word_1_14' title='bbox 539 465 734 536; x_wconf 87' lang='lat' dir='ltr'><strong>Poetarum</strong></span> <span class='ocrx_word' id='word_1_15' title='bbox 751 461 918 554; x_wconf 84' lang='lat' dir='ltr'>prodesse</span> <span class='ocrx_word' id='word_1_16' title='bbox 933 461 1101 552; x_wconf 88' lang='lat' dir='ltr'><strong>potuerit,</strong></span> <span class='ocrx_word' id='word_1_17' title='bbox 1114 458 1169 532; x_wconf 89' lang='lat' dir='ltr'><strong>ita</strong></span> <span class='ocrx_word' id='word_1_18' title='bbox 1181 459 1439 533; x_wconf 89' lang='lat' dir='ltr'><strong>recentioribus</strong></span> <span class='ocrx_word' id='word_1_19' title='bbox 1451 461 1628 556; x_wconf 89' lang='lat' dir='ltr'><strong>quibus-</strong></span> 
     </span>
     <span class='ocr_line' id='line_1_4' title="bbox 539 574 1625 669; baseline -0.003 -19"><span class='ocrx_word' id='word_1_20' title='bbox 539 579 623 650; x_wconf 84' lang='lat' dir='ltr'><strong>dam</strong></span> <span class='ocrx_word' id='word_1_21' title='bbox 640 599 721 649; x_wconf 90' lang='lat' dir='ltr'><strong>cum</strong></span> <span class='ocrx_word' id='word_1_22' title='bbox 740 576 800 646; x_wconf 93' lang='lat' dir='ltr'><strong>illo</strong></span> <span class='ocrx_word' id='word_1_23' title='bbox 818 575 1043 667; x_wconf 88' lang='lat' dir='ltr'><strong>comparatis,</strong></span> <span class='ocrx_word' id='word_1_24' title='bbox 1061 574 1239 646; x_wconf 78' lang='lat' dir='ltr'><strong>constabit</strong></span> <span class='ocrx_word' id='word_1_25' title='bbox 1260 574 1364 646; x_wconf 82' lang='lat' dir='ltr'><strong>illico·</strong></span> <span class='ocrx_word' id='word_1_26' title='bbox 1380 587 1542 669; x_wconf 89' lang='lat' dir='ltr'><strong>quantos</strong></span> <span class='ocrx_word' id='word_1_27' title='bbox 1576 577 1625 647; x_wconf 91' lang='lat' dir='ltr'><strong>hi</strong></span> 
     </span>
     <span class='ocr_line' id='line_1_5' title="bbox 538 692 1078 784; baseline -0.004 -20"><span class='ocrx_word' id='word_1_28' title='bbox 538 695 677 764; x_wconf 80' lang='lat' dir='ltr'><strong>fructus</strong></span> <span class='ocrx_word' id='word_1_29' title='bbox 694 692 825 763; x_wconf 88' lang='lat' dir='ltr'><strong>exinde</strong></span> <span class='ocrx_word' id='word_1_30' title='bbox 842 692 1078 784; x_wconf 81' lang='lat' dir='ltr'><strong>perceperint.</strong></span> 
     </span>
    </p>

    <p class='ocr_par' dir='ltr' id='par_1_3' title="bbox 538 806 1619 1134">
     <span class='ocr_line' id='line_1_6' title="bbox 589 806 1619 902; baseline 0 -22"><span class='ocrx_word' id='word_1_31' title='bbox 589 807 828 880; x_wconf 75' lang='lat' dir='ltr'><strong>Claudianum</strong></span> <span class='ocrx_word' id='word_1_32' title='bbox 846 807 1006 878; x_wconf 86' lang='lat' dir='ltr'><strong>maxime</strong></span> <span class='ocrx_word' id='word_1_33' title='bbox 1023 807 1108 879; x_wconf 83' lang='lat' dir='ltr'><strong>lruic</strong></span> <span class='ocrx_word' id='word_1_34' title='bbox 1127 807 1252 902; x_wconf 79' lang='lat' dir='ltr'><strong>generi</strong></span> <span class='ocrx_word' id='word_1_35' title='bbox 1274 829 1318 878; x_wconf 90' lang='lat' dir='ltr'><strong>ac</strong></span> <span class='ocrx_word' id='word_1_36' title='bbox 1340 806 1496 879; x_wconf 85' lang='lat' dir='ltr'><strong>feliciter</strong></span> <span class='ocrx_word' id='word_1_37' title='bbox 1520 819 1619 880; x_wconf 81' lang='lat' dir='ltr'><strong>stu-</strong></span> 
     </span>
     <span class='ocr_line' id='line_1_7' title="bbox 538 923 1615 1020; baseline -0.001 -24"><span class='ocrx_word' id='word_1_38' title='bbox 538 925 659 996; x_wconf 85' lang='lat' dir='ltr'><strong>duisse</strong></span> <span class='ocrx_word' id='word_1_39' title='bbox 677 927 755 1020; x_wconf 88' lang='lat' dir='ltr'><strong>jam</strong></span> <span class='ocrx_word' id='word_1_40' title='bbox 781 923 1028 994; x_wconf 87' lang='lat' dir='ltr'><strong>antedictum</strong></span> <span class='ocrx_word' id='word_1_41' title='bbox 1052 934 1118 994; x_wconf 90' lang='lat' dir='ltr'><strong>est.</strong></span> <span class='ocrx_word' id='word_1_42' title='bbox 1171 923 1293 1018; x_wconf 88' lang='lat' dir='ltr'><strong>Hujus</strong></span> <span class='ocrx_word' id='word_1_43' title='bbox 1313 933 1368 995; x_wconf 88' lang='lat' dir='ltr'><strong>est</strong></span> <span class='ocrx_word' id='word_1_44' title='bbox 1385 924 1615 996; x_wconf 81' lang='lat' dir='ltr'><strong>suavissima</strong></span> 
     </span>
     <span class='ocr_line' id='line_1_8' title="bbox 538 1037 1615 1134; baseline 0 -24"><span class='ocrx_word' id='word_1_45' title='bbox 538 1038 650 1112; x_wconf 87' lang='lat' dir='ltr'><strong>Autri</strong></span> <span class='ocrx_word' id='word_1_46' title='bbox 666 1038 857 1133; x_wconf 86' lang='lat' dir='ltr'><strong>descriptio</strong></span> <span class='ocrx_word' id='word_1_47' title='bbox 874 1063 947 1134; x_wconf 94' lang='lat' dir='ltr'><strong>quo</strong></span> <span class='ocrx_word' id='word_1_48' title='bbox 959 1037 1084 1111; x_wconf 92' lang='lat' dir='ltr'><strong>Venus</strong></span> <span class='ocrx_word' id='word_1_49' title='bbox 1097 1037 1233 1110; x_wconf 88' lang='lat' dir='ltr'><strong>Gratiis</strong></span> <span class='ocrx_word' id='word_1_50' title='bbox 1246 1039 1417 1110; x_wconf 85' lang='lat' dir='ltr'><strong>comitata</strong></span> <span class='ocrx_word' id='word_1_51' title='bbox 1431 1049 1470 1110; x_wconf 86' lang='lat' dir='ltr'><strong>et</strong></span> <span class='ocrx_word' id='word_1_52' title='bbox 1481 1038 1615 1110; x_wconf 88' lang='lat' dir='ltr'><strong>Amo-</strong></span> 
     </span>
    </p>
   </div>
   <div class='ocr_carea' id='block_1_3' title="bbox 537 1151 1547 3000">
    <p class='ocr_par' dir='ltr' id='par_1_4' title="bbox 537 1151 1535 2795">
     <span class='ocr_line' id='line_1_9' title="bbox 537 1151 994 1248; baseline -0.004 -20"><span class='ocrx_word' id='word_1_53' title='bbox 537 1151 636 1229; x_wconf 84' lang='lat' dir='ltr'><strong>ribus</strong></span> <span class='ocrx_word' id='word_1_54' title='bbox 652 1157 782 1228; x_wconf 81' lang='lat' dir='ltr'><strong>fessam</strong></span> <span class='ocrx_word' id='word_1_55' title='bbox 800 1177 838 1227; x_wconf 84' lang='lat' dir='ltr'><strong>se</strong></span> <span class='ocrx_word' id='word_1_56' title='bbox 854 1153 994 1248; x_wconf 88' lang='lat' dir='ltr'><strong>recipit.</strong></span> 
     </span>
     <span class='ocr_line' id='line_1_10' title="bbox 624 1263 1435 1355; baseline -0.009 -18"><span class='ocrx_word' id='word_1_57' title='bbox 624 1267 723 1337; x_wconf 83' lang='lat' dir='ltr'><strong>Forte</strong></span> <span class='ocrx_word' id='word_1_58' title='bbox 738 1269 847 1335; x_wconf 84' lang='lat' dir='ltr'><strong>Venus</strong></span> <span class='ocrx_word' id='word_1_59' title='bbox 860 1263 979 1334; x_wconf 85' lang='lat' dir='ltr'><strong>blando</strong></span> <span class='ocrx_word' id='word_1_60' title='bbox 993 1265 1163 1355; x_wconf 82' lang='lat' dir='ltr'><strong>quoesitum</strong></span> <span class='ocrx_word' id='word_1_61' title='bbox 1178 1265 1296 1354; x_wconf 84' lang='lat' dir='ltr'><strong>frigore</strong></span> <span class='ocrx_word' id='word_1_62' title='bbox 1310 1287 1435 1331; x_wconf 85' lang='lat' dir='ltr'><strong>somnos</strong></span> 
     </span>
     <span class='ocr_line' id='line_1_11' title="bbox 625 1369 1328 1459; baseline -0.009 -20"><span class='ocrx_word' id='word_1_63' title='bbox 625 1373 751 1439; x_wconf 88' lang='lat' dir='ltr'><strong>Vitibus</strong></span> <span class='ocrx_word' id='word_1_64' title='bbox 765 1371 877 1437; x_wconf 82' lang='lat' dir='ltr'><strong>intexti</strong></span> <span class='ocrx_word' id='word_1_65' title='bbox 893 1371 1015 1459; x_wconf 89' lang='lat' dir='ltr'><strong>gremio</strong></span> <span class='ocrx_word' id='word_1_66' title='bbox 1029 1382 1219 1436; x_wconf 78' lang='lat' dir='ltr'><strong>successerat</strong></span> <span class='ocrx_word' id='word_1_67' title='bbox 1232 1369 1328 1449; x_wconf 82' lang='lat' dir='ltr'><strong>antri,</strong></span> 
     </span>
     <span class='ocr_line' id='line_1_12' title="bbox 624 1471 1431 1562; baseline -0.005 -20"><span class='ocrx_word' id='word_1_68' title='bbox 624 1479 796 1561; x_wconf 89' lang='lat' dir='ltr'><strong>Deusaque</strong></span> <span class='ocrx_word' id='word_1_69' title='bbox 811 1473 947 1538; x_wconf 89' lang='lat' dir='ltr'><strong>sidereos</strong></span> <span class='ocrx_word' id='word_1_70' title='bbox 961 1497 1019 1562; x_wconf 88' lang='lat' dir='ltr'><strong>per</strong></span> <span class='ocrx_word' id='word_1_71' title='bbox 1032 1473 1175 1562; x_wconf 85' lang='lat' dir='ltr'><strong>gramina</strong></span> <span class='ocrx_word' id='word_1_72' title='bbox 1190 1471 1318 1538; x_wconf 83' lang='lat' dir='ltr'><strong>fuderat</strong></span> <span class='ocrx_word' id='word_1_73' title='bbox 1331 1486 1431 1552; x_wconf 87' lang='lat' dir='ltr'><strong>artus,</strong></span> 
     </span>
     <span class='ocr_line' id='line_1_13' title="bbox 624 1574 1343 1664; baseline -0.006 -21"><span class='ocrx_word' id='word_1_74' title='bbox 624 1576 760 1643; x_wconf 84' lang='lat' dir='ltr'><strong>Accliuis</strong></span> <span class='ocrx_word' id='word_1_75' title='bbox 773 1574 889 1640; x_wconf 86' lang='lat' dir='ltr'><strong>florum</strong></span> <span class='ocrx_word' id='word_1_76' title='bbox 902 1575 1049 1641; x_wconf 91' lang='lat' dir='ltr'><strong>cumulo:</strong></span> <span class='ocrx_word' id='word_1_77' title='bbox 1073 1576 1229 1664; x_wconf 85' lang='lat' dir='ltr'><strong>crispatur</strong></span> <span class='ocrx_word' id='word_1_78' title='bbox 1243 1598 1343 1662; x_wconf 86' lang='lat' dir='ltr'><strong>opaca</strong></span> 
     </span>
     <span class='ocr_line' id='line_1_14' title="bbox 625 1676 1374 1767; baseline 0 -23"><span class='ocrx_word' id='word_1_79' title='bbox 625 1677 811 1767; x_wconf 89' lang='lat' dir='ltr'><strong>Pampinus,</strong></span> <span class='ocrx_word' id='word_1_80' title='bbox 827 1691 859 1743; x_wconf 92' lang='lat' dir='ltr'><strong>et</strong></span> <span class='ocrx_word' id='word_1_81' title='bbox 872 1679 964 1744; x_wconf 88' lang='lat' dir='ltr'><strong>mites</strong></span> <span class='ocrx_word' id='word_1_82' title='bbox 979 1677 1124 1744; x_wconf 86' lang='lat' dir='ltr'><strong>undatim</strong></span> <span class='ocrx_word' id='word_1_83' title='bbox 1138 1676 1270 1743; x_wconf 82' lang='lat' dir='ltr'><strong>ventilat</strong></span> <span class='ocrx_word' id='word_1_84' title='bbox 1284 1701 1374 1744; x_wconf 85' lang='lat' dir='ltr'><strong>uvas.</strong></span> 
     </span>
     <span class='ocr_line' id='line_1_15' title="bbox 625 1775 1373 1870; baseline -0.001 -24"><span class='ocrx_word' id='word_1_85' title='bbox 625 1781 691 1846; x_wconf 87' lang='lat' dir='ltr'><strong>Ora</strong></span> <span class='ocrx_word' id='word_1_86' title='bbox 704 1777 794 1846; x_wconf 90' lang='lat' dir='ltr'><strong>decet</strong></span> <span class='ocrx_word' id='word_1_87' title='bbox 807 1775 951 1868; x_wconf 86' lang='lat' dir='ltr'><strong>neglecta</strong></span> <span class='ocrx_word' id='word_1_88' title='bbox 965 1802 1071 1870; x_wconf 89' lang='lat' dir='ltr'><strong>sopor,</strong></span> <span class='ocrx_word' id='word_1_89' title='bbox 1085 1776 1208 1845; x_wconf 75' lang='lat' dir='ltr'><strong>fastidit</strong></span> <span class='ocrx_word' id='word_1_90' title='bbox 1222 1780 1373 1846; x_wconf 86' lang='lat' dir='ltr'><strong>amictum</strong></span> 
     </span>
     <span class='ocr_line' id='line_1_16' title="bbox 625 1881 1411 1970; baseline -0.003 -22"><span class='ocrx_word' id='word_1_91' title='bbox 625 1881 747 1964; x_wconf 84' lang='lat' dir='ltr'><strong>AEstus,</strong></span> <span class='ocrx_word' id='word_1_92' title='bbox 763 1895 796 1950; x_wconf 89' lang='lat' dir='ltr'><strong>et</strong></span> <span class='ocrx_word' id='word_1_93' title='bbox 810 1897 909 1949; x_wconf 88' lang='lat' dir='ltr'><strong>exuto</strong></span> <span class='ocrx_word' id='word_1_94' title='bbox 922 1883 1115 1948; x_wconf 83' lang='lat' dir='ltr'><strong>translucent</strong></span> <span class='ocrx_word' id='word_1_95' title='bbox 1128 1895 1258 1970; x_wconf 83' lang='lat' dir='ltr'><strong>pectore</strong></span> <span class='ocrx_word' id='word_1_96' title='bbox 1271 1882 1411 1948; x_wconf 74' lang='lat' dir='ltr'><strong>frondes.</strong></span> 
     </span>
     <span class='ocr_line' id='line_1_17' title="bbox 626 1984 1340 2075; baseline -0.004 -23"><span class='ocrx_word' id='word_1_97' title='bbox 626 1985 737 2052; x_wconf 69' lang='lat' dir='ltr'><strong>Idalio</strong></span> <span class='ocrx_word' id='word_1_98' title='bbox 747 1987 843 2075; x_wconf 81' lang='lat' dir='ltr'><strong>juxta</strong></span> <span class='ocrx_word' id='word_1_99' title='bbox 856 1985 996 2066; x_wconf 64' lang='lat' dir='ltr'><strong>lunula,</strong></span> <span class='ocrx_word' id='word_1_100' title='bbox 1011 1984 1191 2074; x_wconf 82' lang='lat' dir='ltr'><strong>triplexque</strong></span> <span class='ocrx_word' id='word_1_101' title='bbox 1205 1985 1340 2050; x_wconf 71' lang='grc' dir='ltr'><strong>νὶοἰεεὶω</strong></span> 
     </span>
     <span class='ocr_line' id='line_1_18' title="bbox 624 2087 1384 2178; baseline -0.005 -20"><span class='ocrx_word' id='word_1_102' title='bbox 624 2092 718 2158; x_wconf 85' lang='lat' dir='ltr'><strong>Nexa</strong></span> <span class='ocrx_word' id='word_1_103' title='bbox 731 2090 793 2156; x_wconf 91' lang='lat' dir='ltr'><strong>sub</strong></span> <span class='ocrx_word' id='word_1_104' title='bbox 806 2089 927 2178; x_wconf 85' lang='lat' dir='ltr'><strong>ingenti</strong></span> <span class='ocrx_word' id='word_1_105' title='bbox 942 2088 1110 2178; x_wconf 82' lang='lat' dir='ltr'><strong>requiescit</strong></span> <span class='ocrx_word' id='word_1_106' title='bbox 1124 2087 1242 2155; x_wconf 69' lang='lat' dir='ltr'><strong>masi·</strong></span> <span class='ocrx_word' id='word_1_107' title='bbox 1251 2108 1384 2176; x_wconf 86' lang='lat' dir='ltr'><strong>quercu.</strong></span> 
     </span>
     <span class='ocr_line' id='line_1_19' title="bbox 625 2191 1401 2284; baseline -0.006 -22"><span class='ocrx_word' id='word_1_108' title='bbox 625 2195 760 2262; x_wconf 83' lang='lat' dir='ltr'><strong>Pennati</strong></span> <span class='ocrx_word' id='word_1_109' title='bbox 774 2194 889 2284; x_wconf 81' lang='lat' dir='ltr'><strong>passim</strong></span> <span class='ocrx_word' id='word_1_110' title='bbox 904 2193 1008 2283; x_wconf 88' lang='lat' dir='ltr'><strong>pueri,</strong></span> <span class='ocrx_word' id='word_1_111' title='bbox 1021 2213 1088 2282; x_wconf 91' lang='lat' dir='ltr'><strong>quo</strong></span> <span class='ocrx_word' id='word_1_112' title='bbox 1102 2209 1263 2280; x_wconf 82' lang='lat' dir='ltr'><strong>quemque</strong></span> <span class='ocrx_word' id='word_1_113' title='bbox 1275 2191 1401 2258; x_wconf 82' lang='lat' dir='ltr'><strong>vocavit</strong></span> 
     </span>
     <span class='ocr_line' id='line_1_20' title="bbox 625 2291 1535 2386; baseline -0.005 -22"><span class='ocrx_word' id='word_1_114' title='bbox 625 2299 759 2378; x_wconf 85' lang='lat' dir='ltr'><strong>Umbra,</strong></span> <span class='ocrx_word' id='word_1_115' title='bbox 770 2298 895 2386; x_wconf 88' lang='lat' dir='ltr'><strong>jacent:</strong></span> <span class='ocrx_word' id='word_1_116' title='bbox 918 2295 1046 2361; x_wconf 86' lang='lat' dir='ltr'><strong>fluitant</strong></span> <span class='ocrx_word' id='word_1_117' title='bbox 1059 2317 1163 2376; x_wconf 84' lang='lat' dir='ltr'><strong>arcus,</strong></span> <span class='ocrx_word' id='word_1_118' title='bbox 1177 2294 1337 2382; x_wconf 85' lang='lat' dir='ltr'><strong>ramisque</strong></span> <span class='ocrx_word' id='word_1_119' title='bbox 1347 2291 1535 2383; x_wconf 88' lang='lat' dir='ltr'><strong>propinquis</strong></span> 
     </span>
     <span class='ocr_line' id='line_1_21' title="bbox 625 2396 1386 2488; baseline -0.005 -24"><span class='ocrx_word' id='word_1_120' title='bbox 625 2399 803 2464; x_wconf 86' lang='lat' dir='ltr'><strong>Pendentes</strong></span> <span class='ocrx_word' id='word_1_121' title='bbox 817 2397 943 2488; x_wconf 87' lang='lat' dir='ltr'><strong>placido</strong></span> <span class='ocrx_word' id='word_1_122' title='bbox 957 2396 1115 2486; x_wconf 81' lang='lat' dir='ltr'><strong>suspirant</strong></span> <span class='ocrx_word' id='word_1_123' title='bbox 1130 2398 1203 2486; x_wconf 90' lang='lat' dir='ltr'><strong>igne</strong></span> <span class='ocrx_word' id='word_1_124' title='bbox 1217 2397 1386 2486; x_wconf 70' lang='lat' dir='ltr'><strong>pharetra.</strong></span> 
     </span>
     <span class='ocr_line' id='line_1_22' title="bbox 626 2497 1449 2589; baseline 0 -23"><span class='ocrx_word' id='word_1_125' title='bbox 626 2499 705 2566; x_wconf 87' lang='lat' dir='ltr'><strong>Pars</strong></span> <span class='ocrx_word' id='word_1_126' title='bbox 718 2497 827 2588; x_wconf 85' lang='lat' dir='ltr'><strong>vigiles</strong></span> <span class='ocrx_word' id='word_1_127' title='bbox 841 2499 970 2580; x_wconf 88' lang='lat' dir='ltr'><strong>ludunt,</strong></span> <span class='ocrx_word' id='word_1_128' title='bbox 985 2514 1042 2566; x_wconf 86' lang='lat' dir='ltr'><strong>aut</strong></span> <span class='ocrx_word' id='word_1_129' title='bbox 1055 2523 1113 2589; x_wconf 91' lang='lat' dir='ltr'><strong>per</strong></span> <span class='ocrx_word' id='word_1_130' title='bbox 1127 2499 1267 2589; x_wconf 82' lang='lat' dir='ltr'><strong>virgulta</strong></span> <span class='ocrx_word' id='word_1_131' title='bbox 1281 2512 1449 2588; x_wconf 84' lang='lat' dir='ltr'><strong>vagantur,</strong></span> 
     </span>
     <span class='ocr_line' id='line_1_23' title="bbox 625 2597 1337 2684; baseline 0 -16"><span class='ocrx_word' id='word_1_132' title='bbox 625 2603 815 2668; x_wconf 81' lang='lat' dir='ltr'><strong>scrutantur</strong></span> <span class='ocrx_word' id='word_1_133' title='bbox 829 2597 921 2666; x_wconf 90' lang='lat' dir='ltr'><strong>nidos</strong></span> <span class='ocrx_word' id='word_1_134' title='bbox 935 2603 1054 2684; x_wconf 84' lang='lat' dir='ltr'><strong>avium,</strong></span> <span class='ocrx_word' id='word_1_135' title='bbox 1069 2599 1121 2668; x_wconf 88' lang='lat' dir='ltr'><strong>vel</strong></span> <span class='ocrx_word' id='word_1_136' title='bbox 1135 2598 1259 2669; x_wconf 89' lang='lat' dir='ltr'><strong>roscida</strong></span> <span class='ocrx_word' id='word_1_137' title='bbox 1271 2603 1337 2668; x_wconf 85' lang='lat' dir='ltr'><strong>loeti</strong></span> 
     </span>
     <span class='ocr_line' id='line_1_24' title="bbox 624 2701 1503 2795; baseline 0 -25"><span class='ocrx_word' id='word_1_138' title='bbox 624 2701 715 2770; x_wconf 86' lang='lat' dir='ltr'><strong>Mala</strong></span> <span class='ocrx_word' id='word_1_139' title='bbox 728 2701 839 2795; x_wconf 86' lang='lat' dir='ltr'><strong>legunt</strong></span> <span class='ocrx_word' id='word_1_140' title='bbox 853 2703 975 2771; x_wconf 88' lang='lat' dir='ltr'><strong>donum</strong></span> <span class='ocrx_word' id='word_1_141' title='bbox 989 2705 1130 2786; x_wconf 85' lang='lat' dir='ltr'><strong>Veneris,</strong></span> <span class='ocrx_word' id='word_1_142' title='bbox 1145 2703 1312 2795; x_wconf 81' lang='lat' dir='ltr'><strong>flexusque</strong></span> <span class='ocrx_word' id='word_1_143' title='bbox 1325 2719 1503 2793; x_wconf 83' lang='lat' dir='ltr'><strong>seqmmtur</strong></span> 
     </span>
    </p>

    <p class='ocr_par' dir='ltr' id='par_1_5' title="bbox 544 2808 1447 2898">
     <span class='ocr_line' id='line_1_25' title="bbox 544 2808 1447 2898; baseline -0.001 -24"><span class='ocrx_word' id='word_1_144' title='bbox 544 2838 548 2844; x_wconf 58' lang='lat'>¹</span> <span class='ocrx_word' id='word_1_145' title='bbox 624 2808 779 2888; x_wconf 76' lang='lat' dir='ltr'><strong>Patmos,</strong></span> <span class='ocrx_word' id='word_1_146' title='bbox 794 2822 826 2874; x_wconf 83' lang='lat' dir='ltr'><strong>et</strong></span> <span class='ocrx_word' id='word_1_147' title='bbox 841 2830 979 2874; x_wconf 85' lang='lat' dir='ltr'><strong>summas</strong></span> <span class='ocrx_word' id='word_1_148' title='bbox 993 2809 1105 2898; x_wconf 56' lang='lat' dir='ltr'><strong>munis</strong></span> <span class='ocrx_word' id='word_1_149' title='bbox 1117 2808 1274 2875; x_wconf 70' lang='lat' dir='ltr'><strong>numam</strong></span> <span class='ocrx_word' id='word_1_150' title='bbox 1287 2808 1321 2873; x_wconf 91' lang='lat' dir='ltr'><strong>in</strong></span> <span class='ocrx_word' id='word_1_151' title='bbox 1335 2808 1447 2873; x_wconf 84' lang='lat' dir='ltr'><strong>ulmos</strong></span> 
     </span>
    </p>

    <p class='ocr_par' dir='ltr' id='par_1_6' title="bbox 782 2906 1547 3000">
     <span class='ocr_line' id='line_1_26' title="bbox 782 2906 1547 3000; baseline -0.008 -23"><span class='ocrx_word' id='word_1_152' title='bbox 782 2912 914 2977; x_wconf 75' lang='lat' dir='ltr'><strong>Conon.</strong></span> <span class='ocrx_word' id='word_1_153' title='bbox 929 2911 1077 2977; x_wconf 84' lang='lat' dir='ltr'>XXXI.</span> <span class='ocrx_word' id='word_1_154' title='bbox 1093 2910 1236 3000; x_wconf 79' lang='lat' dir='ltr'><strong>Epithsl</strong></span> <span class='ocrx_word' id='word_1_155' title='bbox 1252 2906 1335 2976; x_wconf 78' lang='lat' dir='ltr'><strong>Pul.</strong></span> <span class='ocrx_word' id='word_1_156' title='bbox 1348 2923 1382 2974; x_wconf 84' lang='lat' dir='ltr'><strong>et</strong></span> <span class='ocrx_word' id='word_1_157' title='bbox 1395 2908 1497 2976; x_wconf 85' lang='lat' dir='ltr'><strong>Celer.</strong></span> <span class='ocrx_word' id='word_1_158' title='bbox 1513 2910 1547 2973; x_wconf 93' lang='lat' dir='ltr'><strong>l.</strong></span> 
     </span>
    </p>
   </div>
   <div class='ocr_carea' id='block_1_4' title="bbox 537 3013 1735 3094">
    <p class='ocr_par' dir='ltr' id='par_1_7' title="bbox 537 3013 1735 3094">
     <span class='ocr_line' id='line_1_27' title="bbox 537 3013 1735 3094; baseline 0.005 -6"><span class='ocrx_word' id='word_1_159' title='bbox 537 3014 777 3091; x_wconf 71' lang='lat' dir='ltr'><strong>Conseruntur</strong></span> <span class='ocrx_word' id='word_1_160' title='bbox 798 3020 879 3090; x_wconf 78' lang='lat' dir='ltr'><strong>haec</strong></span> <span class='ocrx_word' id='word_1_161' title='bbox 898 3040 982 3089; x_wconf 89' lang='lat' dir='ltr'><strong>cum</strong></span> <span class='ocrx_word' id='word_1_162' title='bbox 1000 3018 1161 3089; x_wconf 88' lang='lat' dir='ltr'><strong>Homero</strong></span> <span class='ocrx_word' id='word_1_163' title='bbox 1182 3016 1222 3087; x_wconf 86' lang='lat' dir='ltr'><strong>iu</strong></span> <span class='ocrx_word' id='word_1_164' title='bbox 1247 3015 1399 3088; x_wconf 84' lang='lat' dir='ltr'><strong>materia</strong></span> <span class='ocrx_word' id='word_1_165' title='bbox 1423 3038 1496 3088; x_wconf 91' lang='lat' dir='ltr'><strong>non</strong></span> <span class='ocrx_word' id='word_1_166' title='bbox 1517 3013 1592 3085; x_wconf 86' lang='lat' dir='ltr'><strong>dis-</strong></span> <span class='ocrx_word' id='word_1_167' title='bbox 1733 3031 1735 3094; x_wconf 66' lang='grc' dir='ltr'><strong>’ζ</strong></span> 
     </span>
    </p>
   </div>
   <div class='ocr_carea' id='block_1_5' title="bbox 535 3130 1591 3441">
    <p class='ocr_par' dir='ltr' id='par_1_8' title="bbox 535 3130 1591 3441">
     <span class='ocr_line' id='line_1_28' title="bbox 535 3130 1591 3229; baseline -0.004 -24"><span class='ocrx_word' id='word_1_168' title='bbox 535 3130 654 3220; x_wconf 78' lang='lat' dir='ltr'><strong>simili,</strong></span> <span class='ocrx_word' id='word_1_169' title='bbox 671 3135 734 3209; x_wconf 92' lang='lat' dir='ltr'><strong>ubi</strong></span> <span class='ocrx_word' id='word_1_170' title='bbox 749 3136 886 3209; x_wconf 87' lang='lat' dir='ltr'><strong>scilieet</strong></span> <span class='ocrx_word' id='word_1_171' title='bbox 902 3133 1077 3229; x_wconf 74' lang='lat' dir='ltr'><strong>Calypsus</strong></span> <span class='ocrx_word' id='word_1_172' title='bbox 1093 3143 1240 3206; x_wconf 87' lang='lat' dir='ltr'><strong>antrum</strong></span> <span class='ocrx_word' id='word_1_173' title='bbox 1261 3131 1361 3206; x_wconf 92' lang='lat' dir='ltr'><strong>omui</strong></span> <span class='ocrx_word' id='word_1_174' title='bbox 1382 3130 1471 3204; x_wconf 82' lang='lat' dir='ltr'><strong>artis</strong></span> <span class='ocrx_word' id='word_1_175' title='bbox 1491 3133 1591 3202; x_wconf 87' lang='lat' dir='ltr'><strong>leno·</strong></span> 
     </span>
     <span class='ocr_line' id='line_1_29' title="bbox 535 3245 1591 3348; baseline -0.001 -25"><span class='ocrx_word' id='word_1_176' title='bbox 535 3248 642 3336; x_wconf 74' lang='lat' dir='ltr'><strong>duic,</strong></span> <span class='ocrx_word' id='word_1_177' title='bbox 666 3262 704 3324; x_wconf 85' lang='lat' dir='ltr'><strong>et</strong></span> <span class='ocrx_word' id='word_1_178' title='bbox 728 3252 931 3348; x_wconf 88' lang='lat' dir='ltr'><strong>imaginum</strong></span> <span class='ocrx_word' id='word_1_179' title='bbox 955 3251 1113 3338; x_wconf 82' lang='lat' dir='ltr'><strong>delectu,</strong></span> <span class='ocrx_word' id='word_1_180' title='bbox 1139 3260 1179 3323; x_wconf 86' lang='lat' dir='ltr'><strong>et</strong></span> <span class='ocrx_word' id='word_1_181' title='bbox 1205 3249 1394 3323; x_wconf 83' lang='lat' dir='ltr'><strong>dulcedine</strong></span> <span class='ocrx_word' id='word_1_182' title='bbox 1420 3245 1591 3321; x_wconf 80' lang='lat' dir='ltr'><strong>carminis</strong></span> 
     </span>
     <span class='ocr_line' id='line_1_30' title="bbox 535 3366 928 3441; baseline 0.003 -3"><span class='ocrx_word' id='word_1_183' title='bbox 535 3368 785 3441; x_wconf 81' lang='lat' dir='ltr'><strong>commendare</strong></span> <span class='ocrx_word' id='word_1_184' title='bbox 802 3366 928 3440; x_wconf 82' lang='lat' dir='ltr'><strong>voluit.</strong></span> 
     </span>
    </p>
   </div>
   <div class='ocr_carea' id='block_1_6' title="bbox 517 3548 1354 4153">
    <p class='ocr_par' dir='ltr' id='par_1_9' title="bbox 517 3548 1354 4153">
     <span class='ocr_line' id='line_1_31' title="bbox 836 3548 1314 3639; baseline -0.004 -24"><span class='ocrx_word' id='word_1_185' title='bbox 836 3554 877 3615; x_wconf 86' lang='lat' dir='ltr'><strong>‘H</strong></span> <span class='ocrx_word' id='word_1_186' title='bbox 893 3548 1000 3615; x_wconf 61' lang='lat' dir='ltr'><strong>dirior</strong></span> <span class='ocrx_word' id='word_1_187' title='bbox 1014 3548 1164 3617; x_wconf 61' lang='lat' dir='ltr'><strong>dostram?</strong></span> <span class='ocrx_word' id='word_1_188' title='bbox 1180 3550 1224 3613; x_wconf 65' lang='lat' dir='ltr'><strong>tul</strong></span> <span class='ocrx_word' id='word_1_189' title='bbox 1239 3556 1314 3639; x_wconf 70' lang='grc' dir='ltr'><strong>καλῇ</strong></span> 
     </span>
     <span class='ocr_line' id='line_1_32' title="bbox 619 3650 1284 3741; baseline 0.002 -26"><span class='ocrx_word' id='word_1_190' title='bbox 619 3653 712 3727; x_wconf 74' lang='lat' dir='ltr'><strong>‘loris</strong></span> <span class='ocrx_word' id='word_1_191' title='bbox 726 3652 902 3739; x_wconf 68' lang='lat' dir='ltr'><strong>iroixopim,</strong></span> <span class='ocrx_word' id='word_1_192' title='bbox 914 3653 1035 3741; x_wconf 69' lang='grc' dir='ltr'><strong><em>χρυσείῃ</em></strong></span> <span class='ocrx_word' id='word_1_193' title='bbox 1050 3650 1153 3741; x_wconf 66' lang='grc' dir='ltr'><strong><em>κερκίδ’</em></strong></span> <span class='ocrx_word' id='word_1_194' title='bbox 1166 3650 1284 3737; x_wconf 73' lang='grc' dir='ltr'><strong>ὕφαινεν.</strong></span> 
     </span>
     <span class='ocr_line' id='line_1_33' title="bbox 614 3750 1221 3841; baseline 0.003 -23"><span class='ocrx_word' id='word_1_195' title='bbox 614 3750 694 3833; x_wconf 65' lang='lat' dir='ltr'><strong>“ru</strong></span> <span class='ocrx_word' id='word_1_196' title='bbox 709 3752 737 3819; x_wconf 79' lang='lat' dir='ltr'><strong>il</strong></span> <span class='ocrx_word' id='word_1_197' title='bbox 752 3754 834 3831; x_wconf 71' lang='grc' dir='ltr'><strong>πίας</strong></span> <span class='ocrx_word' id='word_1_198' title='bbox 847 3756 1035 3841; x_wconf 61' lang='lat' dir='ltr'><strong>momina</strong></span> <span class='ocrx_word' id='word_1_199' title='bbox 1050 3756 1221 3834; x_wconf 64' lang='lat' dir='ltr'><strong>multura,</strong></span> 
     </span>
     <span class='ocr_line' id='line_1_34' title="bbox 621 3854 1354 3945; baseline 0 -25"><span class='ocrx_word' id='word_1_200' title='bbox 621 3854 734 3943; x_wconf 65' lang='lat' dir='ltr'><strong>Katstpa</strong></span> <span class='ocrx_word' id='word_1_201' title='bbox 747 3858 788 3937; x_wconf 71' lang='grc' dir='ltr'><strong>τ’,</strong></span> <span class='ocrx_word' id='word_1_202' title='bbox 801 3854 922 3945; x_wconf 57' lang='grc' dir='ltr'><strong>ὤρειρός</strong></span> <span class='ocrx_word' id='word_1_203' title='bbox 934 3882 978 3939; x_wconf 73' lang='grc' dir='ltr'><strong>τι,</strong></span> <span class='ocrx_word' id='word_1_204' title='bbox 993 3858 1042 3922; x_wconf 73' lang='lat' dir='ltr'><strong>nai</strong></span> <span class='ocrx_word' id='word_1_205' title='bbox 1057 3857 1155 3935; x_wconf 61' lang='lat' dir='ltr'><strong>nitidas</strong></span> <span class='ocrx_word' id='word_1_206' title='bbox 1170 3856 1354 3944; x_wconf 65' lang='grc' dir='ltr'><strong>κυπάρισσος.</strong></span> 
     </span>
     <span class='ocr_line' id='line_1_35' title="bbox 537 3954 1273 4048; baseline -0.004 -23"><span class='ocrx_word' id='word_1_207' title='bbox 537 3974 542 4012; x_wconf 91' lang='grc'><strong>-’</strong></span> <span class='ocrx_word' id='word_1_208' title='bbox 598 3958 707 4025; x_wconf 60' lang='grc' dir='ltr'><em>,Ἔνθα</em></span> <span class='ocrx_word' id='word_1_209' title='bbox 719 3960 747 4024; x_wconf 78' lang='lat' dir='ltr'><strong>il</strong></span> <span class='ocrx_word' id='word_1_210' title='bbox 761 3960 787 4026; x_wconf 75' lang='grc' dir='ltr'><strong>τ’</strong></span> <span class='ocrx_word' id='word_1_211' title='bbox 803 3954 900 4048; x_wconf 55' lang='grc' dir='ltr'><strong>ὄρνιθες</strong></span> <span class='ocrx_word' id='word_1_212' title='bbox 912 3959 1108 4046; x_wconf 61' lang='grc' dir='ltr'><strong>τανυσίπτεροι</strong></span> <span class='ocrx_word' id='word_1_213' title='bbox 1118 3960 1273 4041; x_wconf 54' lang='lat' dir='ltr'><strong>drigwrt,</strong></span> 
     </span>
     <span class='ocr_line' id='line_1_36' title="bbox 517 4062 1341 4153; baseline -0.008 -17"><span class='ocrx_word' id='word_1_214' title='bbox 517 4080 520 4085; x_wconf 84' lang='grc'><em>“</em></span> <span class='ocrx_word' id='word_1_215' title='bbox 538 4094 542 4101; x_wconf 80' lang='grc'><strong>’</strong></span> <span class='ocrx_word' id='word_1_216' title='bbox 620 4062 739 4142; x_wconf 61' lang='lat' dir='ltr'><strong>Sacris</strong></span> <span class='ocrx_word' id='word_1_217' title='bbox 751 4065 790 4147; x_wconf 81' lang='grc' dir='ltr'><strong>τ’,</strong></span> <span class='ocrx_word' id='word_1_218' title='bbox 804 4063 895 4153; x_wconf 71' lang='grc' dir='ltr'><strong><em>ἷρηκὸς</em></strong></span> <span class='ocrx_word' id='word_1_219' title='bbox 906 4089 950 4146; x_wconf 83' lang='lat' dir='ltr'><strong>rr,</strong></span> <span class='ocrx_word' id='word_1_220' title='bbox 961 4062 1164 4151; x_wconf 62' lang='grc' dir='ltr'><strong>τανύρλκσσοί</strong></span> <span class='ocrx_word' id='word_1_221' title='bbox 1175 4088 1207 4128; x_wconf 78' lang='grc' dir='ltr'><strong>τι</strong></span> <span class='ocrx_word' id='word_1_222' title='bbox 1222 4068 1341 4151; x_wconf 63' lang='lat' dir='ltr'><strong>rupim</strong></span> 
     </span>
    </p>
   </div>
   <div class='ocr_carea' id='block_1_7' title="bbox 0 0 1784 5575">
    <p class='ocr_par' dir='ltr' id='par_1_10' title="bbox 0 0 1784 5575">
     <span class='ocr_line' id='line_1_37' title="bbox 0 0 1784 5575; baseline 0 0"><span class='ocrx_word' id='word_1_223' title='bbox 0 0 1784 5575; x_wconf 95' lang='lat' dir='ltr'><strong> </strong></span> 
     </span>
    </p>
   </div>
  </div>
 </body>
</html>
