3559 5575
410 140 662 204 Ριειε
695 139 827 203 ΙΧ.
963 140 1207 205 PARS
1256 139 1577 205 PRIMA
1623 137 1752 204 DE
1802 139 2052 204 IMIT.
2418 137 2539 201 121

412 312 632 394 solet,
669 335 813 384 non
846 312 923 383 id
960 335 1102 383 uno
1137 324 1213 384 et
1245 315 1473 384 altero
1516 314 1674 384 loco
1713 313 1971 393 elucet,
2005 310 2132 382 sed
2182 310 2548 405 colligitur

412 425 669 518 potius
723 449 820 498 ex
872 437 1028 499 toto
1089 451 1300 499 cursu
1361 438 1437 500 et
1485 427 1692 521 quasi
1743 435 2091 498 contextu
2152 425 2542 518 poematis:

416 541 696 613 crebris
745 543 828 614 fit
877 541 1168 615 evidens
1219 543 1686 626 sermonibuS,
1730 541 2069 625 consiliis,
2117 541 2369 613 factis:
2420 565 2548 614 ne-

417 678 572 749 que
623 657 685 727 si
734 657 910 751 quid
960 682 1281 753 uuquam
1325 658 1399 729 in
1442 660 1579 729 hac
1626 667 1836 751 parte
1879 668 2256 750 peccatum
2300 657 2544 741 fuerit,

418 769 722 843 videtur
751 772 829 843 id
864 783 1015 843 tam
1050 774 1336 846 defectu
1370 773 1643 870 ingenii
1676 773 2019 857 evenisse,
2043 796 2260 867 quam
2285 771 2546 866 judicii

421 910 515 958 ac
551 888 818 959 mentis
851 888 1050 959 vitio,

537 1002 758 1084 Quod
793 1025 966 1073 vero
1012 1026 1231 1085 nunc,
1276 1014 1363 1074 ut
1413 1014 1650 1087 antea,
1701 1004 2063 1097 praecipue
2115 1025 2373 1096 sequor
2414 1012 2547 1086 est,

424 1127 520 1190 ut
574 1128 807 1189 artem
858 1141 1011 1188 esse
1061 1118 1376 1212 aliquam
1428 1131 1983 1192 commonstrem
2028 1120 2105 1190 in
2165 1117 2551 1190 condendis

427 1232 897 1316 carminibuS,
930 1257 1072 1304 non
1124 1234 1284 1305 dico
1329 1235 1674 1328 optimam
1729 1246 1859 1307 aut
1904 1259 2056 1328 prae
2101 1235 2382 1306 caeteris
2431 1235 2555 1304 ad-

430 1350 860 1434 mirabilem,
893 1349 1341 1445 ingeniosam
1392 1362 1663 1437 tamen,
1703 1375 1871 1445 quae
1922 1361 2257 1423 naturam
2306 1349 2553 1437 animi,

433 1475 512 1538 et
546 1465 887 1560 quicquid
921 1465 1069 1537 sive
1102 1466 1298 1538 intus
1331 1468 1547 1538 homo
1581 1467 1872 1554 sentiat,
1893 1467 2043 1538 sive
2068 1491 2190 1538 ore
2225 1490 2311 1538 ac
2341 1476 2551 1561 gestu

435 1582 859 1674 profiteatur
882 1583 1143 1674 palam,
1168 1594 1516 1676 tanquam
1541 1583 1859 1678 imagine
1892 1606 2231 1675 expressa
2262 1582 2549 1653 referat.

436 1698 654 1780 Quod
687 1698 978 1769 demum
1015 1698 1362 1769 efficietur
1391 1701 1539 1770 non
1575 1699 1635 1770 si
1668 1699 1963 1771 omnino
1994 1699 2243 1770 abdita
2283 1708 2361 1770 et
2398 1700 2553 1770 lon-

437 1814 714 1911 ginqua
743 1815 1142 1910 conquiras,
1178 1817 1305 1887 sed
1349 1816 1409 1886 si
1455 1815 1725 1911 deligas
1769 1816 2080 1909 propria,
2114 1838 2280 1909 quae
2330 1814 2392 1885 si
2440 1839 2550 1886 ra-

440 1931 616 2014 rius,
673 1932 789 2002 uti
839 1954 1359 2023 nonnunquam
1409 1932 1516 2015 fit,
1562 1941 1944 2002 occurrant
1991 1931 2239 2018 oculis,
2287 1929 2556 2002 idcirco

442 2057 692 2118 tamen
726 2069 892 2115 rara
923 2056 1115 2130 sunt,
1140 2046 1311 2138 quia
1342 2045 1419 2115 in
1446 2068 1673 2115 unum
1701 2047 2089 2117 dumtaxat
2107 2045 2281 2115 vitae
2306 2068 2557 2139 genus,

442 2177 576 2233 aut
610 2171 930 2244 aetatem,
963 2169 1092 2230 aut
1123 2160 1576 2231 fortunarum
1611 2184 1696 2231 ac
1726 2182 1970 2231 rerum
2003 2160 2333 2232 habitum
2378 2162 2559 2232 bene

443 2275 901 2349 conveniant.

545 2509 763 2592 Quod
795 2507 1020 2604 igitur
1051 2509 1145 2580 ad
1178 2517 1388 2580 notas
1420 2531 1700 2581 morum
1735 2508 2205 2601 proprietates
2244 2518 2319 2580 et
2352 2508 2556 2602 quasi

447 2624 857 2696 'communia
888 2624 1325 2696 lineamenta
1360 2625 1932 2717 spectat—haud
1955 2625 2291 2719 equidem
2317 2624 2443 2695 diu
2477 2623 2555 2695 in

448 2742 743 2835 vulgato
768 2741 956 2823 orbe,
983 2742 1374 2814 multorum
1402 2741 1723 2837 vestigiis
1747 2743 1904 2837 jam
1930 2741 2263 2828 contrito,
2290 2740 2558 2813 versari

450 2856 690 2927 velim.
768 2858 1010 2938 Quare
1043 2856 1392 2950 exemplis
1427 2858 1701 2951 aliquot
1733 2856 2066 2929 adductis
2099 2855 2302 2929 brevi
2332 2858 2560 2928 absol-

451 2981 667 3042 vatur
699 2969 1024 3064 quaestio.

553 3086 1020 3156 Senectutem
1055 3084 1114 3153 si
1148 3083 1310 3177 quis
1343 3083 1664 3177 requirat
1698 3084 1984 3176 proprio
2017 3083 2271 3154 habitu
2318 3107 2403 3155 ac
2448 3106 2564 3155 co-

453 3204 601 3273 lore
650 3199 1058 3293 praeditam,
1091 3221 1385 3293 gravem
1434 3199 1588 3270 sine
1634 3198 2036 3282 severitate,
2071 3213 2417 3284 sanctam,
2448 3223 2564 3272 co-

458 3338 668 3398 mem,
703 3315 1059 3396 decoram,
1100 3313 1404 3384 eandem
1449 3335 1620 3384 vero
1670 3313 2147 3407 loquaciorem
2196 3315 2436 3408 paullo
2485 3325 2561 3387 et

452 3430 801 3523 praeteriti
837 3430 1332 3512 laudatricem,
1366 3439 1443 3501 et
1469 3428 1654 3500 sicut
1680 3429 1989 3523 corporis
2021 3430 2129 3502 ita
2164 3430 2423 3503 mentis
2457 3431 2561 3503 vi-

453 3545 653 3616 ribus
686 3547 959 3617 affectis
993 3547 1151 3639 jam
1198 3555 1274 3616 et
1307 3546 1822 3637 propemodum
1858 3546 2377 3631 vacillantibuS,
2413 3547 2485 3617 N
2487 3572 2562 3619 e-

461 3672 720 3733 storem
766 3663 969 3733 illum
1018 3664 1230 3734 adeat
1265 3662 1590 3745 Homeri,
1636 3664 2034 3755 praesertim
2084 3664 2163 3734 in
2215 3665 2562 3757 Odyssea,

456 3792 588 3849 aut
646 3778 965 3872 ejusdem
1023 3776 1676 3850 Laertem—adeat
1730 3777 2054 3873 egregios
2118 3778 2278 3850 illos
2336 3802 2561 3861 senes,

463 3914 638 3985 quos
673 3891 766 3961 ad
799 3891 1132 3962 Graecum
1168 3894 1537 3985 exemplar
1570 3903 1720 3979 aut,
1751 3894 1945 3986 quod
1983 3894 2135 3964 fere
2167 3893 2420 3964 eodem
2455 3915 2566 3962 re-

455 4005 593 4090 dit,
630 4005 724 4076 ad
759 4016 1038 4077 naturae
1072 4010 1403 4079 normam
1429 4007 1709 4078 effinxit
1742 4006 2565 4101 Virgilius--Priamum
