3559 5575
1112 98 1246 165 364
1844 95 2087 160 PARS
2134 94 2516 159 TERTIA
2634 95 2860 159 Ρηι.
2893 93 3233 160 xxvm
3338 35 3340 193 ⁴

1115 273 1602 368 spectaculum
1685 270 2042 364 designat,
2108 291 2522 363 quanquam
2592 291 2839 340 omnes
2913 280 2958 310 ‘⁸
3006 273 3235 342 multo

1116 402 1160 433 ‘⁶
1195 388 1610 461 manifestos
1641 388 1957 457 lumine”
1990 385 2352 457 adstitisse
2385 385 2715 456 affirmet.

1288 521 1426 585 Nec
1456 540 1643 605 sopor
1669 515 1828 580 illud
1858 529 2013 596 erat,
2046 514 2155 579 sed
2183 538 2395 580 coram
2422 538 2759 602 agnoscere
2787 515 3038 595 vultus,

1298 622 1662 706 Velamsque
1688 640 1921 697 coms,
1951 617 2411 706 praesentiaque
2438 639 2552 680 ora
2580 616 2861 681 videbar.

2617 720 2778 783 ΕΝ.
2812 720 2958 783 111.
2994 722 3154 786 173.

1118 848 1280 918 Hoc
1315 844 1534 917 etiam
1571 844 1645 914 in
1683 866 1945 939 genere
1978 851 2148 914 sunt
2182 840 2646 934 pulcherrimi
2679 866 2925 913 versus
2958 842 3062 914 de
3096 844 3229 913 Ve-

1115 987 1311 1049 nere,
1344 984 1563 1057 quam
1600 961 1678 1031 in
1726 955 2180 1042 discedentia,
2215 957 2486 1029 coelesti
2538 958 2790 1030 habitu
2840 959 3225 1051 proditam,

1117 1080 1414 1176 agnovit
1448 1076 1657 1149 filius.

1289 1205 1496 1284 Dixit,
1526 1218 1590 1269 et
1619 1217 1907 1268 avertens
1936 1225 2114 1268 rosea
2140 1202 2382 1268 cervice
2409 1201 2658 1267 refulsit
2682 1227 2703 1277 ;

1288 1308 1775 1395 Ambrosiaeque
1804 1329 2000 1372 comae
2028 1306 2317 1371 divinum
2346 1306 2577 1371 vertice
2603 1305 2864 1371 odorem

1292 1411 1653 1499 Spiravere:
1702 1408 1897 1497 pedes
1924 1408 2112 1473 vestis
2137 1408 2409 1473 defluxit
2436 1409 2518 1473 ad
2546 1408 2727 1488 imos,
2948 1436 2966 1457 ·

1288 1513 1381 1576 Et
1408 1534 1559 1576 vera
1585 1511 1828 1575 incessu
1860 1509 2070 1599 patuit
2099 1511 2264 1575 Dea.
2754 1510 2911 1574 AEN.
2945 1511 3001 1575 1.
3036 1511 3143 1576 46.

1114 1641 1329 1725 Quod
1361 1639 1421 1711 si
1455 1639 1531 1710 in
1568 1638 1885 1733 singulas
1910 1649 2207 1709 ornatus
2233 1647 2362 1710 aut
2388 1637 2640 1709 formae
2663 1647 2904 1729 partes
2937 1639 3227 1711 descen-

1116 1757 1354 1842 datur,
1377 1756 1569 1827 mille
1589 1754 1759 1826 licet
1779 1757 2135 1847 nymphas
2159 1753 2569 1850 gratiasque
2596 1754 2892 1826 comites
2925 1756 3227 1828 circum-

1114 1873 1398 1956 fundaS,
1449 1871 1744 1943 foemina
1795 1870 2087 1942 demum
2148 1895 2292 1942 non
2346 1871 2503 1941 Dea
2559 1870 2896 1963 prodibit.
3003 1873 3225 1969 Cujus

1115 1990 1221 2062 rei
1255 1990 1684 2060 documento
1719 1985 1864 2058 sint
1900 1995 2206 2058 venusta
2238 2010 2410 2058 sane
2445 1986 2828 2058 Claudiani
2860 1989 2937 2059 in
2975 1990 3225 2061 eodem

1117 2117 1544 2202 argumento
1578 2102 1916 2175 carmina.

1293 2233 1627 2298 caesariem
1659 2247 1813 2296 tunc
1840 2231 2004 2295 forte
2028 2232 2243 2295 Venus
2270 2229 2542 2296 subnixa
2568 2254 2828 2297 corusco

1294 2335 1609 2422 Fingebat
1638 2333 1827 2398 solio:
1877 2332 2103 2397 dextra
2131 2333 2414 2421 laevaque
2446 2357 2687 2398 sorores

1294 2436 1560 2501 Stabant
1590 2434 1852 2500 Idaliae:
1898 2435 2106 2522 largos
2134 2434 2270 2499 haec
2300 2434 2566 2499 nectaris
2595 2435 2826 2500 imbres

1295 2537 1563 2624 Irrigat:
1611 2537 1746 2602 haec
1778 2560 1989 2601 morsu
2020 2537 2333 2602 numerosi
2362 2537 2569 2602 dentis
2594 2538 2839 2603 eburno

1294 2637 1692 2704 Multifidum
1723 2639 2054 2705 discrimen
2083 2654 2252 2705 arat:
2302 2639 2411 2704 sed
2443 2639 2627 2705 tertia
2652 2655 2823 2705 retro

1293 2742 1426 2808 Dat
1456 2741 1661 2807 varios
1690 2764 1913 2822 nexuS,
1944 2756 2009 2809 et
2028 2744 2207 2831 justo
2235 2743 2464 2809 dividit
2489 2744 2675 2809 orbes

1293 2845 1556 2925 Ordine,
1587 2847 1935 2933 neglectam
1970 2860 2207 2933 partem
2239 2846 2519 2911 studiosa
2545 2846 2923 2934 relinquens.

1294 2949 1450 3013 Plus
1476 2972 1649 3013 error
1678 2949 1924 3014 decuit:
1975 2949 2212 3036 speculi
2243 2973 2359 3015 nec
2389 2949 2605 3015 vultus
2635 2950 2862 3038 egebat

1293 3053 1336 3118 J
1341 3051 1582 3117 udicio:
1633 3050 1849 3117 similis
1880 3065 2048 3117 tecto
2076 3066 2464 3118 monstratur
2491 3052 2555 3116 in
2587 3051 2781 3131 omni,

1292 3156 1385 3219 Et
1415 3154 1659 3243 rapitur
1686 3176 2070 3243 quocunque
2101 3154 2305 3219 videt:
2355 3154 2511 3220 dum
2544 3154 2794 3243 singula
2822 3157 3043 3235 cernit,

1297 3259 1503 3344 Seque
1529 3258 1782 3345 probat,
1813 3257 1943 3323 nati
1975 3257 2279 3323 venientis
2306 3258 2610 3347 conspicit
2639 3260 2948 3324 umbram.

2170 3363 2440 3427 CLAUu.
2475 3364 2539 3425 N
2546 3384 2698 3427 σιντ.
2732 3365 3004 3427 Honos.
3034 3367 3147 3435 99.

1119 3481 1286 3552 Jam
1322 3505 1514 3566 vern,
1549 3482 1718 3553 licet
1756 3483 2060 3554 Homeri
2095 3484 2434 3555 sublimes
2468 3485 2560 3556 de
2594 3484 2935 3556 Numinis
2981 3499 3236 3579 poten-

1120 3595 1224 3665 tia
1273 3605 1347 3665 et
1400 3594 1754 3690 dignitate
1805 3609 2193 3690 conceptus
2244 3622 2389 3670 uno
2439 3622 2562 3669 ore
2612 3600 3121 3683 collaudemuS,
3160 3613 3235 3673 at

1121 3720 1374 3784 notum
1409 3711 1590 3783 illud
1623 3713 1715 3784 de
1748 3713 1933 3784 Jove
1968 3714 2320 3807 Supremo
2357 3715 2600 3786 mirari
2634 3715 2759 3786 vix
2793 3740 3113 3809 possum,

1280 3847 1396 3929 Ἦ,
1429 3852 1525 3913 καὶ
1560 3849 1875 3938 κυνανέῃσιν
1905 3853 1986 3913 ἐπ’
2020 3852 2211 3935 ὀφρύσι
2246 3860 2396 3917 νεῦσε
2429 3851 2690 3939 Κρονίων.
2749 3854 2849 3917 11..
2885 3859 2959 3916 A.
2991 3857 3150 3918 528.

1122 3973 1336 4076 Certe
1373 3973 1770 4069 Virgiliano
1804 3974 2096 4061 cedunt,
