<?xml version="1.0" encoding="UTF-8"?>
<!DOCTYPE html PUBLIC "-//W3C//DTD XHTML 1.0 Transitional//EN"
    "http://www.w3.org/TR/xhtml1/DTD/xhtml1-transitional.dtd">
<html xmlns="http://www.w3.org/1999/xhtml" xml:lang="en" lang="en">
 <head>
  <title>
</title>
<meta http-equiv="Content-Type" content="text/html;charset=utf-8" />
  <meta name='ocr-system' content='tesseract 3.04.00' />
  <meta name='ocr-capabilities' content='ocr_page ocr_carea ocr_par ocr_line ocrx_word'/>
</head>
<body>
  <div class='ocr_page' id='page_1' title='image "./praelectionesac00coplgoog/praelectionesac00coplgoog_0420.png"; bbox 0 0 3559 5575; ppageno 0'>
   <div class='ocr_carea' id='block_1_1' title="bbox 385 85 2487 153">
    <p class='ocr_par' dir='ltr' id='par_1_1' title="bbox 385 85 2487 153">
     <span class='ocr_line' id='line_1_1' title="bbox 385 85 2487 153; baseline 0.002 -5"><span class='ocrx_word' id='word_1_1' title='bbox 385 85 610 149; x_wconf 70' lang='lat' dir='ltr'>Pam„</span> <span class='ocrx_word' id='word_1_2' title='bbox 645 85 983 150; x_wconf 89' lang='lat' dir='ltr'>XXXII.</span> <span class='ocrx_word' id='word_1_3' title='bbox 1091 88 1220 151; x_wconf 90' lang='lat' dir='ltr'>DE</span> <span class='ocrx_word' id='word_1_4' title='bbox 1268 88 1862 152; x_wconf 90' lang='lat' dir='ltr'>PHANTASIA.</span> <span class='ocrx_word' id='word_1_5' title='bbox 2360 90 2487 153; x_wconf 62' lang='lat'>426</span> 
     </span>
    </p>
   </div>
   <div class='ocr_carea' id='block_1_2' title="bbox 377 257 2501 3469">
    <p class='ocr_par' dir='ltr' id='par_1_2' title="bbox 377 257 2496 2319">
     <span class='ocr_line' id='line_1_2' title="bbox 379 257 2488 352; baseline 0.002 -24"><span class='ocrx_word' id='word_1_6' title='bbox 379 277 517 329; x_wconf 86' lang='lat' dir='ltr'>cua</span> <span class='ocrx_word' id='word_1_7' title='bbox 565 257 740 351; x_wconf 88' lang='lat' dir='ltr'>quid</span> <span class='ocrx_word' id='word_1_8' title='bbox 789 258 1085 330; x_wconf 88' lang='lat' dir='ltr'>testium</span> <span class='ocrx_word' id='word_1_9' title='bbox 1137 283 1316 352; x_wconf 88' lang='lat' dir='ltr'>opus</span> <span class='ocrx_word' id='word_1_10' title='bbox 1360 270 1470 330; x_wconf 83' lang='lat' dir='ltr'>est</span> <span class='ocrx_word' id='word_1_11' title='bbox 1516 260 1983 332; x_wconf 84' lang='lat' dir='ltr'>multitudine</span> <span class='ocrx_word' id='word_1_12' title='bbox 2004 262 2040 331; x_wconf 73' lang='grc' dir='ltr'><em>Ρ</em></span> <span class='ocrx_word' id='word_1_13' title='bbox 2095 261 2488 332; x_wconf 84' lang='lat' dir='ltr'>Miltonum</span> 
     </span>
     <span class='ocr_line' id='line_1_3' title="bbox 377 375 2492 470; baseline 0.001 -26"><span class='ocrx_word' id='word_1_14' title='bbox 377 375 699 466; x_wconf 87' lang='lat' dir='ltr'>profecto</span> <span class='ocrx_word' id='word_1_15' title='bbox 734 398 959 445; x_wconf 89' lang='lat' dir='ltr'>unum</span> <span class='ocrx_word' id='word_1_16' title='bbox 995 376 1206 446; x_wconf 88' lang='lat' dir='ltr'>adeat</span> <span class='ocrx_word' id='word_1_17' title='bbox 1242 375 1479 459; x_wconf 87' lang='lat' dir='ltr'>velim,</span> <span class='ocrx_word' id='word_1_18' title='bbox 1517 376 1927 470; x_wconf 90' lang='lat' dir='ltr'>quicunque</span> <span class='ocrx_word' id='word_1_19' title='bbox 1971 376 2046 446; x_wconf 94' lang='lat' dir='ltr'>in</span> <span class='ocrx_word' id='word_1_20' title='bbox 2096 377 2314 447; x_wconf 92' lang='lat' dir='ltr'>dubio</span> <span class='ocrx_word' id='word_1_21' title='bbox 2365 379 2492 447; x_wconf 91' lang='lat' dir='ltr'>ha-</span> 
     </span>
     <span class='ocr_line' id='line_1_4' title="bbox 379 489 2490 584; baseline 0.001 -25"><span class='ocrx_word' id='word_1_22' title='bbox 379 489 639 571; x_wconf 84' lang='lat' dir='ltr'>buerit,</span> <span class='ocrx_word' id='word_1_23' title='bbox 665 500 908 560; x_wconf 89' lang='lat' dir='ltr'>utrum</span> <span class='ocrx_word' id='word_1_24' title='bbox 939 490 1297 561; x_wconf 87' lang='lat' dir='ltr'>hodiernis</span> <span class='ocrx_word' id='word_1_25' title='bbox 1332 491 1623 561; x_wconf 91' lang='lat' dir='ltr'>auribus</span> <span class='ocrx_word' id='word_1_26' title='bbox 1655 493 2180 584; x_wconf 87' lang='lat' dir='ltr'><strong>permulcendis</strong></span> <span class='ocrx_word' id='word_1_27' title='bbox 2214 492 2490 563; x_wconf 83' lang='lat' dir='ltr'>idoneae</span> 
     </span>
     <span class='ocr_line' id='line_1_5' title="bbox 380 605 2487 701; baseline 0.001 -26"><span class='ocrx_word' id='word_1_28' title='bbox 380 605 526 676; x_wconf 84' lang='lat' dir='ltr'>sint</span> <span class='ocrx_word' id='word_1_29' title='bbox 553 607 667 675; x_wconf 87' lang='lat' dir='ltr'>hae</span> <span class='ocrx_word' id='word_1_30' title='bbox 700 606 963 676; x_wconf 87' lang='lat' dir='ltr'>fabulae</span> <span class='ocrx_word' id='word_1_31' title='bbox 996 619 1072 678; x_wconf 84' lang='lat' dir='ltr'>et</span> <span class='ocrx_word' id='word_1_32' title='bbox 1096 608 1287 677; x_wconf 88' lang='lat' dir='ltr'>leves</span> <span class='ocrx_word' id='word_1_33' title='bbox 1316 617 1637 678; x_wconf 84' lang='lat' dir='ltr'>veterum</span> <span class='ocrx_word' id='word_1_34' title='bbox 1667 608 1867 701; x_wconf 84' lang='lat' dir='ltr'><strong>quasi</strong></span> <span class='ocrx_word' id='word_1_35' title='bbox 1898 619 2145 679; x_wconf 84' lang='lat' dir='ltr'>vatum</span> <span class='ocrx_word' id='word_1_36' title='bbox 2183 608 2487 678; x_wconf 87' lang='lat' dir='ltr'>susurri:</span> 
     </span>
     <span class='ocr_line' id='line_1_6' title="bbox 382 721 2491 814; baseline 0.001 -23"><span class='ocrx_word' id='word_1_37' title='bbox 382 745 523 814; x_wconf 94' lang='lat' dir='ltr'>quo</span> <span class='ocrx_word' id='word_1_38' title='bbox 551 722 841 814; x_wconf 89' lang='lat' dir='ltr'>quidem</span> <span class='ocrx_word' id='word_1_39' title='bbox 868 721 1211 814; x_wconf 85' lang='lat' dir='ltr'>scriptore</span> <span class='ocrx_word' id='word_1_40' title='bbox 1237 745 1446 793; x_wconf 92' lang='lat' dir='ltr'>nemo</span> <span class='ocrx_word' id='word_1_41' title='bbox 1479 722 1869 793; x_wconf 85' lang='lat' dir='ltr'>laxioribus</span> <span class='ocrx_word' id='word_1_42' title='bbox 1896 723 2188 795; x_wconf 84' lang='lat' dir='ltr'>habenis</span> <span class='ocrx_word' id='word_1_43' title='bbox 2220 724 2295 794; x_wconf 94' lang='lat' dir='ltr'>in</span> <span class='ocrx_word' id='word_1_44' title='bbox 2333 726 2491 794; x_wconf 86' lang='lat' dir='ltr'>haec</span> 
     </span>
     <span class='ocr_line' id='line_1_7' title="bbox 382 837 2489 933; baseline 0.001 -26"><span class='ocrx_word' id='word_1_45' title='bbox 382 861 457 907; x_wconf 90' lang='lat' dir='ltr'>se</span> <span class='ocrx_word' id='word_1_46' title='bbox 482 837 739 909; x_wconf 83' lang='lat' dir='ltr'>effudit</span> <span class='ocrx_word' id='word_1_47' title='bbox 766 838 1020 931; x_wconf 84' lang='lat' dir='ltr'>spatia,</span> <span class='ocrx_word' id='word_1_48' title='bbox 1041 848 1170 908; x_wconf 84' lang='lat' dir='ltr'>aut</span> <span class='ocrx_word' id='word_1_49' title='bbox 1198 838 1290 907; x_wconf 91' lang='lat' dir='ltr'>ad</span> <span class='ocrx_word' id='word_1_50' title='bbox 1324 861 1435 908; x_wconf 88' lang='lat' dir='ltr'>res</span> <span class='ocrx_word' id='word_1_51' title='bbox 1473 838 1698 933; x_wconf 84' lang='lat' dir='ltr'>magis</span> <span class='ocrx_word' id='word_1_52' title='bbox 1734 839 1999 909; x_wconf 88' lang='lat' dir='ltr'>alienas</span> <span class='ocrx_word' id='word_1_53' title='bbox 2033 839 2489 911; x_wconf 86' lang='lat' dir='ltr'>illustrandas</span> 
     </span>
     <span class='ocr_line' id='line_1_8' title="bbox 382 952 2491 1045; baseline 0 -23"><span class='ocrx_word' id='word_1_54' title='bbox 382 952 754 1045; x_wconf 88' lang='lat' dir='ltr'>splendida</span> <span class='ocrx_word' id='word_1_55' title='bbox 789 952 1171 1022; x_wconf 89' lang='lat' dir='ltr'>Graiorum</span> <span class='ocrx_word' id='word_1_56' title='bbox 1215 952 1587 1023; x_wconf 88' lang='lat' dir='ltr'>mendacia</span> <span class='ocrx_word' id='word_1_57' title='bbox 1631 954 2015 1024; x_wconf 84' lang='lat' dir='ltr'>transferre</span> <span class='ocrx_word' id='word_1_58' title='bbox 2056 954 2313 1045; x_wconf 84' lang='lat' dir='ltr'>potuit.</span> <span class='ocrx_word' id='word_1_59' title='bbox 2415 953 2491 1023; x_wconf 90' lang='lat' dir='ltr'><strong>A</strong></span> 
     </span>
     <span class='ocr_line' id='line_1_9' title="bbox 382 1067 2494 1162; baseline 0 -25"><span class='ocrx_word' id='word_1_60' title='bbox 382 1091 553 1138; x_wconf 86' lang='lat' dir='ltr'>vero</span> <span class='ocrx_word' id='word_1_61' title='bbox 586 1069 837 1160; x_wconf 89' lang='lat' dir='ltr'>utique</span> <span class='ocrx_word' id='word_1_62' title='bbox 871 1078 1083 1159; x_wconf 82' lang='lat' dir='ltr'>poeta</span> <span class='ocrx_word' id='word_1_63' title='bbox 1117 1067 1554 1162; x_wconf 85' lang='lat' dir='ltr'>exagitanda</span> <span class='ocrx_word' id='word_1_64' title='bbox 1595 1080 1764 1140; x_wconf 84' lang='lat' dir='ltr'>sunt</span> <span class='ocrx_word' id='word_1_65' title='bbox 1798 1068 2040 1138; x_wconf 89' lang='lat' dir='ltr'>omnia</span> <span class='ocrx_word' id='word_1_66' title='bbox 2088 1092 2231 1138; x_wconf 91' lang='lat' dir='ltr'>non</span> <span class='ocrx_word' id='word_1_67' title='bbox 2280 1069 2494 1139; x_wconf 90' lang='lat' dir='ltr'>modo</span> 
     </span>
     <span class='ocr_line' id='line_1_10' title="bbox 380 1182 2496 1265; baseline 0 -11"><span class='ocrx_word' id='word_1_68' title='bbox 380 1194 667 1254; x_wconf 87' lang='lat' dir='ltr'>naturae</span> <span class='ocrx_word' id='word_1_69' title='bbox 718 1207 999 1265; x_wconf 87' lang='lat' dir='ltr'>arcana,</span> <span class='ocrx_word' id='word_1_70' title='bbox 1042 1207 1184 1254; x_wconf 91' lang='lat' dir='ltr'>non</span> <span class='ocrx_word' id='word_1_71' title='bbox 1239 1184 1451 1254; x_wconf 91' lang='lat' dir='ltr'>modo</span> <span class='ocrx_word' id='word_1_72' title='bbox 1503 1182 1764 1254; x_wconf 87' lang='lat' dir='ltr'>artium</span> <span class='ocrx_word' id='word_1_73' title='bbox 1813 1194 1887 1254; x_wconf 85' lang='lat' dir='ltr'>et</span> <span class='ocrx_word' id='word_1_74' title='bbox 1928 1183 2295 1254; x_wconf 85' lang='lat' dir='ltr'>literarum</span> <span class='ocrx_word' id='word_1_75' title='bbox 2342 1207 2496 1254; x_wconf 90' lang='lat' dir='ltr'>om-</span> 
     </span>
     <span class='ocr_line' id='line_1_11' title="bbox 381 1297 2492 1391; baseline 0 -22"><span class='ocrx_word' id='word_1_76' title='bbox 381 1300 585 1370; x_wconf 91' lang='lat' dir='ltr'>nium</span> <span class='ocrx_word' id='word_1_77' title='bbox 639 1299 769 1370; x_wconf 87' lang='lat' dir='ltr'>flos</span> <span class='ocrx_word' id='word_1_78' title='bbox 818 1311 928 1371; x_wconf 84' lang='lat' dir='ltr'>est</span> <span class='ocrx_word' id='word_1_79' title='bbox 972 1298 1391 1391; x_wconf 89' lang='lat' dir='ltr'>carpendus,</span> <span class='ocrx_word' id='word_1_80' title='bbox 1433 1300 1557 1369; x_wconf 84' lang='lat' dir='ltr'>sed</span> <span class='ocrx_word' id='word_1_81' title='bbox 1607 1298 1777 1369; x_wconf 85' lang='lat' dir='ltr'>ficta</span> <span class='ocrx_word' id='word_1_82' title='bbox 1826 1297 2044 1369; x_wconf 85' lang='lat' dir='ltr'>etiam</span> <span class='ocrx_word' id='word_1_83' title='bbox 2101 1299 2492 1369; x_wconf 87' lang='lat' dir='ltr'>multarum</span> 
     </span>
     <span class='ocr_line' id='line_1_12' title="bbox 383 1414 2492 1511; baseline -0.001 -25"><span class='ocrx_word' id='word_1_84' title='bbox 383 1415 712 1511; x_wconf 86' lang='lat' dir='ltr'>gentium</span> <span class='ocrx_word' id='word_1_85' title='bbox 781 1439 866 1485; x_wconf 88' lang='lat' dir='ltr'>ac</span> <span class='ocrx_word' id='word_1_86' title='bbox 926 1417 1323 1486; x_wconf 88' lang='lat' dir='ltr'>seculorum</span> <span class='ocrx_word' id='word_1_87' title='bbox 1385 1424 1793 1485; x_wconf 84' lang='lat' dir='ltr'>commenta</span> <span class='ocrx_word' id='word_1_88' title='bbox 1852 1414 2096 1484; x_wconf 90' lang='lat' dir='ltr'>sedulo</span> <span class='ocrx_word' id='word_1_89' title='bbox 2155 1415 2492 1484; x_wconf 88' lang='lat' dir='ltr'>eruenda.</span> 
     </span>
     <span class='ocr_line' id='line_1_13' title="bbox 387 1529 2493 1625; baseline -0 -24"><span class='ocrx_word' id='word_1_90' title='bbox 387 1531 554 1602; x_wconf 94' lang='lat' dir='ltr'>Non</span> <span class='ocrx_word' id='word_1_91' title='bbox 592 1555 733 1625; x_wconf 95' lang='lat' dir='ltr'>quo</span> <span class='ocrx_word' id='word_1_92' title='bbox 766 1554 933 1602; x_wconf 90' lang='lat' dir='ltr'>eum</span> <span class='ocrx_word' id='word_1_93' title='bbox 974 1531 1227 1623; x_wconf 84' lang='lat' dir='ltr'>putida</span> <span class='ocrx_word' id='word_1_94' title='bbox 1275 1531 1605 1623; x_wconf 85' lang='lat' dir='ltr'>quaedam</span> <span class='ocrx_word' id='word_1_95' title='bbox 1654 1540 1729 1600; x_wconf 84' lang='lat' dir='ltr'>et</span> <span class='ocrx_word' id='word_1_96' title='bbox 1775 1530 2061 1599; x_wconf 84' lang='lat' dir='ltr'>exoleta</span> <span class='ocrx_word' id='word_1_97' title='bbox 2110 1552 2239 1620; x_wconf 92' lang='lat' dir='ltr'>pro</span> <span class='ocrx_word' id='word_1_98' title='bbox 2290 1529 2493 1600; x_wconf 88' lang='lat' dir='ltr'>novis</span> 
     </span>
     <span class='ocr_line' id='line_1_14' title="bbox 385 1644 2494 1739; baseline 0 -23"><span class='ocrx_word' id='word_1_99' title='bbox 385 1648 759 1718; x_wconf 85' lang='lat' dir='ltr'>venditare</span> <span class='ocrx_word' id='word_1_100' title='bbox 797 1646 1032 1729; x_wconf 87' lang='lat' dir='ltr'>velim,</span> <span class='ocrx_word' id='word_1_101' title='bbox 1060 1647 1186 1717; x_wconf 89' lang='lat' dir='ltr'>sed</span> <span class='ocrx_word' id='word_1_102' title='bbox 1215 1646 1436 1739; x_wconf 91' lang='lat' dir='ltr'>(quod</span> <span class='ocrx_word' id='word_1_103' title='bbox 1467 1645 1836 1737; x_wconf 84' lang='lat' dir='ltr'>imperitos</span> <span class='ocrx_word' id='word_1_104' title='bbox 1872 1644 2187 1715; x_wconf 84' lang='lat' dir='ltr'>maxime</span> <span class='ocrx_word' id='word_1_105' title='bbox 2210 1645 2494 1739; x_wconf 87' lang='lat' dir='ltr'>judices</span> 
     </span>
     <span class='ocr_line' id='line_1_15' title="bbox 386 1762 2493 1855; baseline -0.001 -22"><span class='ocrx_word' id='word_1_106' title='bbox 386 1762 603 1854; x_wconf 81' lang='lat' dir='ltr'>fauit)</span> <span class='ocrx_word' id='word_1_107' title='bbox 640 1773 724 1833; x_wconf 85' lang='lat' dir='ltr'>ut</span> <span class='ocrx_word' id='word_1_108' title='bbox 759 1762 852 1833; x_wconf 90' lang='lat' dir='ltr'>ad</span> <span class='ocrx_word' id='word_1_109' title='bbox 879 1775 1144 1843; x_wconf 89' lang='lat' dir='ltr'>vetera,</span> <span class='ocrx_word' id='word_1_110' title='bbox 1171 1771 1517 1855; x_wconf 87' lang='lat' dir='ltr'>tanquam</span> <span class='ocrx_word' id='word_1_111' title='bbox 1554 1770 1819 1844; x_wconf 76' lang='lat' dir='ltr'>vetera,</span> <span class='ocrx_word' id='word_1_112' title='bbox 1855 1769 2099 1850; x_wconf 89' lang='lat' dir='ltr'>aperte</span> <span class='ocrx_word' id='word_1_113' title='bbox 2135 1770 2493 1851; x_wconf 88' lang='lat' dir='ltr'>provocet.</span> 
     </span>
     <span class='ocr_line' id='line_1_16' title="bbox 388 1872 2495 1971; baseline 0 -25"><span class='ocrx_word' id='word_1_114' title='bbox 388 1877 724 1971; x_wconf 88' lang='lat' dir='ltr'>Namque</span> <span class='ocrx_word' id='word_1_115' title='bbox 778 1876 852 1946; x_wconf 93' lang='lat' dir='ltr'>in</span> <span class='ocrx_word' id='word_1_116' title='bbox 916 1900 1001 1947; x_wconf 93' lang='lat' dir='ltr'>eo</span> <span class='ocrx_word' id='word_1_117' title='bbox 1054 1876 1198 1944; x_wconf 87' lang='lat' dir='ltr'>vim</span> <span class='ocrx_word' id='word_1_118' title='bbox 1260 1875 1576 1945; x_wconf 87' lang='lat' dir='ltr'>maxime</span> <span class='ocrx_word' id='word_1_119' title='bbox 1633 1872 1939 1966; x_wconf 80' lang='lat' dir='ltr'>positam</span> <span class='ocrx_word' id='word_1_120' title='bbox 1998 1873 2218 1943; x_wconf 89' lang='lat' dir='ltr'>etiam</span> <span class='ocrx_word' id='word_1_121' title='bbox 2278 1884 2495 1967; x_wconf 83' lang='lat' dir='ltr'>atque</span> 
     </span>
     <span class='ocr_line' id='line_1_17' title="bbox 388 1989 2495 2086; baseline -0.002 -21"><span class='ocrx_word' id='word_1_122' title='bbox 388 1995 609 2065; x_wconf 84' lang='lat' dir='ltr'>etiam</span> <span class='ocrx_word' id='word_1_123' title='bbox 653 1993 1046 2086; x_wconf 87' lang='lat' dir='ltr'>praedicare</span> <span class='ocrx_word' id='word_1_124' title='bbox 1093 2014 1234 2061; x_wconf 91' lang='lat' dir='ltr'>non</span> <span class='ocrx_word' id='word_1_125' title='bbox 1274 1992 1586 2072; x_wconf 87' lang='lat' dir='ltr'>verebor,</span> <span class='ocrx_word' id='word_1_126' title='bbox 1623 1989 1816 2082; x_wconf 94' lang='lat' dir='ltr'>quod</span> <span class='ocrx_word' id='word_1_127' title='bbox 1861 2009 2049 2057; x_wconf 80' lang='lat' dir='ltr'>nova</span> <span class='ocrx_word' id='word_1_128' title='bbox 2100 2010 2244 2057; x_wconf 80' lang='lat' dir='ltr'>non</span> <span class='ocrx_word' id='word_1_129' title='bbox 2299 1998 2495 2073; x_wconf 71' lang='lat' dir='ltr'>sunt,</span> 
     </span>
     <span class='ocr_line' id='line_1_18' title="bbox 387 2103 2496 2208; baseline -0.002 -27"><span class='ocrx_word' id='word_1_130' title='bbox 387 2111 515 2181; x_wconf 88' lang='lat' dir='ltr'>sed</span> <span class='ocrx_word' id='word_1_131' title='bbox 548 2109 807 2181; x_wconf 90' lang='lat' dir='ltr'>animis</span> <span class='ocrx_word' id='word_1_132' title='bbox 829 2111 988 2202; x_wconf 89' lang='lat' dir='ltr'>jam</span> <span class='ocrx_word' id='word_1_133' title='bbox 1021 2105 1365 2177; x_wconf 86' lang='lat' dir='ltr'>diuturno</span> <span class='ocrx_word' id='word_1_134' title='bbox 1399 2128 1530 2175; x_wconf 87' lang='lat' dir='ltr'>usu</span> <span class='ocrx_word' id='word_1_135' title='bbox 1560 2114 1635 2176; x_wconf 83' lang='lat' dir='ltr'>et</span> <span class='ocrx_word' id='word_1_136' title='bbox 1661 2103 2177 2175; x_wconf 84' lang='lat' dir='ltr'>consuetudine</span> <span class='ocrx_word' id='word_1_137' title='bbox 2211 2104 2496 2208; x_wconf 84' lang='lat' dir='ltr'>penitus</span> 
     </span>
     <span class='ocr_line' id='line_1_19' title="bbox 387 2237 699 2319; baseline -0.006 -22"><span class='ocrx_word' id='word_1_138' title='bbox 387 2237 699 2319; x_wconf 84' lang='lat' dir='ltr'>recepta.</span> 
     </span>
    </p>

    <p class='ocr_par' dir='ltr' id='par_1_3' title="bbox 386 2336 2501 3469">
     <span class='ocr_line' id='line_1_20' title="bbox 490 2336 2500 2432; baseline -0.001 -21"><span class='ocrx_word' id='word_1_139' title='bbox 490 2343 734 2423; x_wconf 84' lang='lat' dir='ltr'>Quare</span> <span class='ocrx_word' id='word_1_140' title='bbox 769 2337 1295 2432; x_wconf 83' lang='lat' dir='ltr'>Mythologiam</span> <span class='ocrx_word' id='word_1_141' title='bbox 1326 2336 1525 2407; x_wconf 89' lang='lat' dir='ltr'>illam</span> <span class='ocrx_word' id='word_1_142' title='bbox 1560 2359 1776 2430; x_wconf 89' lang='lat' dir='ltr'>quam</span> <span class='ocrx_word' id='word_1_143' title='bbox 1811 2358 2143 2428; x_wconf 86' lang='lat' dir='ltr'>respuere</span> <span class='ocrx_word' id='word_1_144' title='bbox 2178 2336 2357 2407; x_wconf 92' lang='lat' dir='ltr'>adeo</span> <span class='ocrx_word' id='word_1_145' title='bbox 2390 2361 2500 2408; x_wconf 91' lang='lat' dir='ltr'>so-</span> 
     </span>
     <span class='ocr_line' id='line_1_21' title="bbox 386 2452 2497 2545; baseline -0.003 -17"><span class='ocrx_word' id='word_1_146' title='bbox 386 2458 541 2528; x_wconf 85' lang='lat' dir='ltr'>lent</span> <span class='ocrx_word' id='word_1_147' title='bbox 587 2453 912 2525; x_wconf 83' lang='lat' dir='ltr'>nonnulli</span> <span class='ocrx_word' id='word_1_148' title='bbox 960 2464 1035 2524; x_wconf 87' lang='lat' dir='ltr'>et</span> <span class='ocrx_word' id='word_1_149' title='bbox 1082 2452 1527 2545; x_wconf 84' lang='lat' dir='ltr'>contemptui</span> <span class='ocrx_word' id='word_1_150' title='bbox 1579 2454 1862 2534; x_wconf 89' lang='lat' dir='ltr'>habere,</span> <span class='ocrx_word' id='word_1_151' title='bbox 1912 2452 2065 2544; x_wconf 87' lang='lat' dir='ltr'>ipse</span> <span class='ocrx_word' id='word_1_152' title='bbox 2115 2452 2497 2523; x_wconf 88' lang='lat' dir='ltr'>fovendam</span> 
     </span>
     <span class='ocr_line' id='line_1_22' title="bbox 386 2567 2497 2664; baseline -0.001 -22"><span class='ocrx_word' id='word_1_153' title='bbox 386 2570 740 2664; x_wconf 87' lang='lat' dir='ltr'>imprimis</span> <span class='ocrx_word' id='word_1_154' title='bbox 774 2571 978 2651; x_wconf 91' lang='lat' dir='ltr'>duco,</span> <span class='ocrx_word' id='word_1_155' title='bbox 1014 2570 1073 2639; x_wconf 89' lang='lat' dir='ltr'>si</span> <span class='ocrx_word' id='word_1_156' title='bbox 1110 2568 1291 2662; x_wconf 78' lang='lat' dir='ltr'>qui8‚</span> <span class='ocrx_word' id='word_1_157' title='bbox 1327 2578 1667 2664; x_wconf 87' lang='lat' dir='ltr'>angustos</span> <span class='ocrx_word' id='word_1_158' title='bbox 1703 2590 1922 2639; x_wconf 86' lang='lat' dir='ltr'>merae</span> <span class='ocrx_word' id='word_1_159' title='bbox 1957 2567 2281 2638; x_wconf 85' lang='lat' dir='ltr'>veritatis</span> <span class='ocrx_word' id='word_1_160' title='bbox 2322 2568 2497 2640; x_wconf 85' lang='lat' dir='ltr'>fines</span> 
     </span>
     <span class='ocr_line' id='line_1_23' title="bbox 387 2682 2500 2781; baseline -0.002 -24"><span class='ocrx_word' id='word_1_161' title='bbox 387 2709 735 2781; x_wconf 80' lang='lat' dir='ltr'>egressus„</span> <span class='ocrx_word' id='word_1_162' title='bbox 760 2685 1034 2755; x_wconf 84' lang='lat' dir='ltr'>lautam</span> <span class='ocrx_word' id='word_1_163' title='bbox 1069 2684 1359 2779; x_wconf 84' lang='lat' dir='ltr'>ingenio</span> <span class='ocrx_word' id='word_1_164' title='bbox 1394 2682 1904 2776; x_wconf 84' lang='lat' dir='ltr'>supellectilem</span> <span class='ocrx_word' id='word_1_165' title='bbox 1941 2707 2353 2776; x_wconf 88' lang='lat' dir='ltr'>comparare</span> <span class='ocrx_word' id='word_1_166' title='bbox 2379 2705 2500 2753; x_wconf 86' lang='lat' dir='ltr'>ve-</span> 
     </span>
     <span class='ocr_line' id='line_1_24' title="bbox 389 2798 2500 2895; baseline -0.002 -20"><span class='ocrx_word' id='word_1_167' title='bbox 389 2804 500 2886; x_wconf 85' lang='lat' dir='ltr'>lit,</span> <span class='ocrx_word' id='word_1_168' title='bbox 537 2813 612 2874; x_wconf 82' lang='lat' dir='ltr'>et</span> <span class='ocrx_word' id='word_1_169' title='bbox 645 2803 739 2873; x_wconf 91' lang='lat' dir='ltr'>ad</span> <span class='ocrx_word' id='word_1_170' title='bbox 770 2803 1172 2895; x_wconf 90' lang='lat' dir='ltr'>pellendam</span> <span class='ocrx_word' id='word_1_171' title='bbox 1196 2803 1369 2872; x_wconf 87' lang='lat' dir='ltr'>vitae</span> <span class='ocrx_word' id='word_1_172' title='bbox 1405 2800 1774 2872; x_wconf 83' lang='lat' dir='ltr'>tristitiam</span> <span class='ocrx_word' id='word_1_173' title='bbox 1810 2802 2115 2871; x_wconf 81' lang='lat' dir='ltr'>alterum</span> <span class='ocrx_word' id='word_1_174' title='bbox 2153 2798 2357 2892; x_wconf 87' lang='lat' dir='ltr'>quasi</span> <span class='ocrx_word' id='word_1_175' title='bbox 2390 2822 2500 2870; x_wconf 88' lang='lat' dir='ltr'>so-</span> 
     </span>
     <span class='ocr_line' id='line_1_25' title="bbox 391 2914 2496 3009; baseline -0.003 -19"><span class='ocrx_word' id='word_1_176' title='bbox 391 2921 558 3004; x_wconf 89' lang='lat' dir='ltr'>lem,</span> <span class='ocrx_word' id='word_1_177' title='bbox 592 2931 667 2988; x_wconf 80' lang='lat' dir='ltr'>et</span> <span class='ocrx_word' id='word_1_178' title='bbox 701 2916 1108 3009; x_wconf 86' lang='lat' dir='ltr'>splendidos</span> <span class='ocrx_word' id='word_1_179' title='bbox 1152 2925 1436 2985; x_wconf 83' lang='lat' dir='ltr'>naturae</span> <span class='ocrx_word' id='word_1_180' title='bbox 1481 2914 1774 2985; x_wconf 80' lang='lat' dir='ltr'>alterius</span> <span class='ocrx_word' id='word_1_181' title='bbox 1821 2916 2088 2985; x_wconf 89' lang='lat' dir='ltr'>colores</span> <span class='ocrx_word' id='word_1_182' title='bbox 2139 2914 2496 2984; x_wconf 89' lang='lat' dir='ltr'>adhibere.</span> 
     </span>
     <span class='ocr_line' id='line_1_26' title="bbox 394 3026 2501 3126; baseline -0.003 -22"><span class='ocrx_word' id='word_1_183' title='bbox 394 3034 651 3126; x_wconf 92' lang='lat' dir='ltr'>Neque</span> <span class='ocrx_word' id='word_1_184' title='bbox 702 3030 780 3102; x_wconf 88' lang='lat' dir='ltr'>id</span> <span class='ocrx_word' id='word_1_185' title='bbox 829 3029 1033 3123; x_wconf 86' lang='lat' dir='ltr'>parvi</span> <span class='ocrx_word' id='word_1_186' title='bbox 1077 3028 1605 3111; x_wconf 74' lang='lat' dir='ltr'>aestimandum,</span> <span class='ocrx_word' id='word_1_187' title='bbox 1643 3028 1835 3120; x_wconf 91' lang='lat' dir='ltr'>quod</span> <span class='ocrx_word' id='word_1_188' title='bbox 1881 3026 2289 3121; x_wconf 89' lang='lat' dir='ltr'>hujusmodi</span> <span class='ocrx_word' id='word_1_189' title='bbox 2325 3027 2501 3097; x_wconf 90' lang='lat' dir='ltr'>deli-</span> 
     </span>
     <span class='ocr_line' id='line_1_27' title="bbox 393 3142 2498 3225; baseline -0.003 -5"><span class='ocrx_word' id='word_1_190' title='bbox 393 3149 521 3221; x_wconf 86' lang='lat' dir='ltr'>ciis</span> <span class='ocrx_word' id='word_1_191' title='bbox 573 3147 753 3217; x_wconf 88' lang='lat' dir='ltr'>adeo</span> <span class='ocrx_word' id='word_1_192' title='bbox 803 3168 945 3215; x_wconf 91' lang='lat' dir='ltr'>non</span> <span class='ocrx_word' id='word_1_193' title='bbox 999 3144 1183 3215; x_wconf 86' lang='lat' dir='ltr'>obsit</span> <span class='ocrx_word' id='word_1_194' title='bbox 1231 3167 1420 3225; x_wconf 77' lang='lat' dir='ltr'>usu3‚</span> <span class='ocrx_word' id='word_1_195' title='bbox 1462 3154 1546 3213; x_wconf 87' lang='lat' dir='ltr'>ut</span> <span class='ocrx_word' id='word_1_196' title='bbox 1581 3142 1982 3213; x_wconf 83' lang='lat' dir='ltr'>labentibus</span> <span class='ocrx_word' id='word_1_197' title='bbox 2029 3142 2234 3213; x_wconf 90' lang='lat' dir='ltr'>annis</span> <span class='ocrx_word' id='word_1_198' title='bbox 2279 3166 2498 3214; x_wconf 89' lang='lat' dir='ltr'>novas</span> 
     </span>
     <span class='ocr_line' id='line_1_28' title="bbox 394 3257 2496 3356; baseline -0.002 -21"><span class='ocrx_word' id='word_1_199' title='bbox 394 3285 621 3356; x_wconf 86' lang='lat' dir='ltr'>usque</span> <span class='ocrx_word' id='word_1_200' title='bbox 654 3259 841 3331; x_wconf 85' lang='lat' dir='ltr'>vires</span> <span class='ocrx_word' id='word_1_201' title='bbox 875 3259 1235 3355; x_wconf 86' lang='lat' dir='ltr'>colligant,</span> <span class='ocrx_word' id='word_1_202' title='bbox 1270 3268 1344 3328; x_wconf 84' lang='lat' dir='ltr'>et</span> <span class='ocrx_word' id='word_1_203' title='bbox 1378 3281 1518 3328; x_wconf 90' lang='lat' dir='ltr'>non</span> <span class='ocrx_word' id='word_1_204' title='bbox 1557 3257 1694 3328; x_wconf 89' lang='lat' dir='ltr'>nisi</span> <span class='ocrx_word' id='word_1_205' title='bbox 1743 3258 2107 3329; x_wconf 90' lang='lat' dir='ltr'>communi</span> <span class='ocrx_word' id='word_1_206' title='bbox 2152 3260 2496 3331; x_wconf 90' lang='lat' dir='ltr'>bonarum</span> 
     </span>
     <span class='ocr_line' id='line_1_29' title="bbox 395 3371 2372 3469; baseline -0.001 -21"><span class='ocrx_word' id='word_1_207' title='bbox 395 3377 660 3449; x_wconf 85' lang='lat' dir='ltr'>artium</span> <span class='ocrx_word' id='word_1_208' title='bbox 694 3400 780 3448; x_wconf 88' lang='lat' dir='ltr'>ac</span> <span class='ocrx_word' id='word_1_209' title='bbox 810 3375 1180 3448; x_wconf 87' lang='lat' dir='ltr'>literarum</span> <span class='ocrx_word' id='word_1_210' title='bbox 1216 3371 1592 3469; x_wconf 87' lang='lat' dir='ltr'>naufragio</span> <span class='ocrx_word' id='word_1_211' title='bbox 1626 3372 1770 3443; x_wconf 84' lang='lat' dir='ltr'>sint</span> <span class='ocrx_word' id='word_1_212' title='bbox 1802 3373 1978 3465; x_wconf 84' lang='lat' dir='ltr'>ipsae</span> <span class='ocrx_word' id='word_1_213' title='bbox 2012 3373 2372 3466; x_wconf 84' lang='lat' dir='ltr'>periturae.</span> 
     </span>
    </p>
   </div>
   <div class='ocr_carea' id='block_1_3' title="bbox 1365 4072 1578 4142">
    <p class='ocr_par' dir='ltr' id='par_1_4' title="bbox 1365 4072 1578 4142">
     <span class='ocr_line' id='line_1_30' title="bbox 1365 4072 1578 4142; baseline -0.009 0"><span class='ocrx_word' id='word_1_214' title='bbox 1365 4072 1578 4142; x_wconf 79' lang='lat' dir='ltr'>Ee4</span> 
     </span>
    </p>
   </div>
   <div class='ocr_carea' id='block_1_4' title="bbox 24 4944 2518 5575">
    <p class='ocr_par' dir='ltr' id='par_1_5' title="bbox 24 4944 2518 5575">
     <span class='ocr_line' id='line_1_31' title="bbox 24 4944 2518 5575; baseline 0 0"><span class='ocrx_word' id='word_1_215' title='bbox 24 4944 2518 5575; x_wconf 95' lang='lat' dir='ltr'> </span> 
     </span>
    </p>
   </div>
   <div class='ocr_carea' id='block_1_5' title="bbox 3531 4173 3534 4429">
    <p class='ocr_par' dir='ltr' id='par_1_6' title="bbox 3531 4173 3534 4429">
     <span class='ocr_line' id='line_1_32' title="bbox 3531 4173 3534 4429; baseline 0 1146"><span class='ocrx_word' id='word_1_216' title='bbox 3531 4173 3534 4429; x_wconf 95' lang='lat' dir='ltr'> </span> 
     </span>
    </p>
   </div>
   <div class='ocr_carea' id='block_1_6' title="bbox 3526 905 3539 2230">
    <p class='ocr_par' dir='ltr' id='par_1_7' title="bbox 3526 905 3539 2230">
     <span class='ocr_line' id='line_1_33' title="bbox 3526 905 3539 2230; baseline 0 0"><span class='ocrx_word' id='word_1_217' title='bbox 3526 905 3539 2230; x_wconf 95' lang='lat' dir='ltr'> </span> 
     </span>
    </p>
   </div>
  </div>
 </body>
</html>
