3559 5575
312 144 352 155 “
437 140 682 204 Pur.
715 139 874 203 vn.
1097 139 1227 204 DE
1276 139 1913 204 IMITATIONE.
2478 141 2566 208 97

623 312 726 375 Ac
755 307 934 373 velut
960 307 1249 395 ignotum
1282 310 1333 373 si
1362 309 1622 397 quando
1648 322 1935 374 armenta
1960 330 2077 396 per
2105 329 2353 373 amnem
3290 306 3292 351 ¹

623 413 850 477 Pastor
875 411 1033 498 agit,
1060 424 1183 476 stat
1211 412 1390 476 triste
1418 432 1653 500 pecus3
1695 411 1923 498 procul
1948 411 2149 474 altera
2173 410 2364 474 tellus
3260 425 3290 436 ‘⁴

622 512 959 592 OmnibuS,
989 526 1056 577 et
1085 512 1210 578 late
1237 513 1487 578 medius
1515 513 1742 578 timor:
1788 527 1887 578 ast
1916 511 2027 576 ubi
2056 511 2286 576 ductor

573 602 579 606 ’
623 616 883 680 Taurus
912 614 1053 694 init,
1084 615 1359 704 fecitque
1386 615 1649 694 vadum,
1681 630 1837 680 tunc
1865 613 2113 679 mollior
2144 613 2342 694 unda,

625 718 817 783 Tunc
843 716 1057 782 faciles
1085 717 1301 799 saltus,
1331 717 1610 806 visaeque
1635 717 1931 783 accedere
1959 716 2139 803 ripae.

1862 820 2088 884 Tmen.
2120 819 2287 883 vn.
2319 818 2472 884 436.

444 933 857 1010 Juvencam
889 939 1082 1011 idem
1117 940 1443 1037 depingit
1475 941 1872 1035 inquietam
1919 941 2179 1013 amissa
2218 944 2438 1035 prole,
2473 967 2559 1014 ac

447 1075 581 1145 per
614 1077 823 1149 agros
855 1066 1237 1150 vagantem
1265 1081 1285 1138 3

627 1209 780 1273 Non
808 1233 986 1274 secus
1013 1233 1087 1275 ac
1115 1209 1320 1297 primo
1348 1209 1714 1274 fraudatum
1744 1209 1906 1274 lacte
1926 1209 2274 1297 juvencum

628 1310 754 1375 Cui
784 1312 1048 1400 trepidoe
1080 1312 1260 1394 vires,
1292 1327 1358 1378 et
1386 1311 1558 1376 solus
1583 1312 1665 1376 ab
1695 1312 1892 1376 ubere
1920 1311 2199 1400 sanguis,

628 1414 754 1478 Seu
784 1414 938 1495 fera,
970 1438 1081 1480 seu
1112 1414 1305 1479 duras
1329 1413 1541 1479 avexit
1569 1428 1784 1502 pastor
1811 1413 1894 1479 ad
1923 1436 2086 1492 aras»,

625 1516 689 1580 N
693 1539 817 1581 unc
844 1517 1069 1582 vallem
1100 1516 1363 1604 spoliata
1390 1540 1639 1604 parens,
1670 1538 1841 1581 nunc
1869 1516 2136 1580 flumina
2163 1529 2417 1603 questu,

624 1618 688 1682 N
693 1641 816 1684 unc
844 1633 1129 1685 armenta
1153 1634 1387 1699 movet,
1417 1642 1776 1706 vacuosque
1804 1619 2153 1706 interrogat
2181 1641 2401 1706 agros:

629 1720 822 1785 Tunc
850 1721 1022 1809 piget
1053 1722 1145 1785 ire
1172 1720 1457 1802 domum,
1486 1734 1835 1808 maestoque
1866 1720 2203 1785 novissima
2228 1743 2455 1810 campo

626 1822 807 1902 Exit,
838 1838 904 1889 et
930 1823 1250 1911 oppositas
1276 1825 1546 1912 impasta
1571 1823 1882 1888 avertitur
1908 1823 2155 1887 herbas.

1921 1926 2155 1989 Tium.
2182 1926 2301 1989 VI.
2325 1924 2477 1990 186.

454 2049 754 2142 Optima
790 2061 960 2123 sunt
992 2055 1151 2124 haec
1184 2053 1477 2146 quidem
1522 2052 1788 2133 omnia,
1819 2051 2141 2143 itemque
2175 2051 2566 2137 verissima,

457 2174 538 2236 at
572 2164 1005 2260 singularem
1041 2167 1406 2261 quandam
1440 2167 1589 2237 vim
1632 2168 1904 2236 habent
1948 2166 2071 2236 illa
2104 2164 2568 2262 “interrogat

458 2289 505 2322 ‘⁴
538 2283 813 2374 agros?
833 2304 999 2374 quae
1022 2281 1441 2353 brevissimo
1467 2280 1744 2353 ambitu
1777 2282 1940 2372 plus
1974 2281 2202 2353 menti
2236 2282 2570 2354 adferunt

455 2417 677 2487 quam
711 2397 1025 2467 auribus.
1095 2398 1353 2491 Neque
1387 2399 1655 2469 cedunt
1687 2397 2077 2468 admodum
2113 2398 2570 2469 Lucretianis

453 2508 620 2598 inis,
652 2535 818 2606 quae
867 2512 945 2584 in
992 2515 1244 2586 eadem
1292 2537 1370 2585 re
1408 2513 1889 2607 pulcherrima
1926 2537 2206 2607 semper
2238 2524 2410 2586 sunt
2442 2517 2571 2586 ha-

453 2624 631 2698 bita.

628 2742 727 2806 At
755 2742 972 2808 Mater
999 2741 1251 2809 virideis
1279 2742 1476 2809 saltus
1504 2743 1729 2809 orbata
1757 2765 2098 2832 peragrans

631 2841 903 2930 Linquit
929 2845 1109 2910 humi
1134 2846 1408 2933 pedibus
1435 2846 1702 2934 vestigia
1727 2870 1944 2933 pressa
1969 2846 2248 2924 bisulcis,

633 2945 867 3009 Omnia
890 2948 1213 3012 convisens
1240 2948 1437 3012 oculis
1463 2948 1625 3028 loca,
1651 2950 1702 3012 si
1730 2964 1926 3035 queat
1954 2971 2225 3035 usquam

635 3048 1013 3133 conspicere
1040 3049 1338 3113 amissum
1367 3050 1632 3112 foetum:
1680 3049 2082 3135 completque
2109 3048 2381 3134 querelis

636 3148 1094 3214 Frundiferum
1126 3172 1348 3213 nemus
1373 3149 1717 3225 adsistens3
1767 3163 1834 3213 et
1858 3148 2076 3213 crebra
2104 3148 2316 3213 revisit
3337 3165 3344 3266 i

633 3250 751 3316 Ad
780 3250 1126 3333 stabulum,
1155 3250 1463 3315 desiderio
1494 3251 1738 3338 perfixa
1764 3253 1812 3314 J
1820 3250 2074 3316 uvenci:
2199 3285 2203 3288 Δ

634 3355 772 3419 Nec
803 3368 1036 3419 tenerae
1065 3353 1301 3431 salices,
1330 3368 1523 3441 atque
1553 3354 1767 3419 herbae
1790 3377 1931 3418 rore
1959 3354 2262 3442 vigentes,

634 3458 1058 3546 Fluminaque
1087 3457 1219 3523 ulla
1245 3471 1482 3545 queant
1511 3459 1772 3524 summis
1799 3458 2072 3524 labentia
2098 3458 2253 3547 ripis

634 3560 967 3626 Oblectare
993 3562 1297 3641 animum,
1329 3560 1731 3648 subitamque
1757 3576 2040 3627 avertere
2067 3584 2303 3627 curam.

1043 3737 1050 3743 ⁷
1844 3665 2155 3729 Lucium.
2190 3666 2294 3729 ΙΙ.
2326 3666 2478 3730 355.

564 3785 930 3878 Principes
963 3796 1158 3858 certe
1190 3796 1361 3858 sunt
1384 3786 1460 3858 in
1495 3788 1630 3858 hoc
1653 3809 1917 3882 genere
1936 3786 2320 3883 Virgiliani
2345 3786 2569 3859 Geor-

460 3900 783 3995 gicorum
815 3902 1001 3985 libri,
1022 3902 1149 3973 ubi
1171 3903 1345 3974 anni
1368 3902 1773 3986 varietateS,
1798 3903 2228 3975 rusticorum
2266 3924 2565 3975 munera

463 4038 549 4088 ac
570 4017 871 4107 labores,
891 4027 1050 4090 tum
1078 4018 1497 4090 animalium
1518 4017 1751 4091 varios
1775 4020 2011 4091 cultus
2035 4041 2120 4090 ac
2144 4017 2381 4090 studia
2407 4042 2568 4090 sua-

1478 4151 1539 4202 Η
