3559 5575
1031 102 1162 166 418
1755 97 1995 161 PARS
2043 95 2420 160 TERTIA
2581 95 2813 159 Pam..
2844 93 3155 161 XXXII.

1031 274 1082 346 J
1083 297 1200 346 am
1237 294 1428 354 vero,
1462 280 1548 343 ut
1580 271 1878 364 hujusce
1918 267 2199 340 artificii
2236 267 2343 338 vis
2374 266 2804 359 inspiciatur
2834 269 3152 360 penitus,

1032 390 1402 460 videamus
1454 410 1697 480 quaeso
1746 394 2101 479 quantum
2157 384 2268 454 vel
2319 382 2533 453 unius
2584 407 2778 475 saepe
2819 385 3154 455 vocabuli

1028 528 1242 575 sonus
1275 503 1512 572 valeat
1546 500 1640 570 ad
1678 500 2080 594 jucundam
2133 500 2388 569 harum
2438 521 2676 568 rerum
2725 499 3150 569 memoriam

1027 618 1525 690 refricandam.
1631 615 1968 709 Namque
2019 615 2167 701 ubi,
2200 623 2362 706 post
2402 613 2652 684 laudes
2700 613 2944 685 Italiae
2991 616 3146 707 pul-

1030 734 1257 807 cherri
1265 756 1380 803 me
1414 733 1835 813 elaboratas,
1870 731 2232 802 exclamat
2266 739 2490 812 vates,

1206 859 1390 925 Salve
1420 881 1647 946 magna
1675 881 1903 946 parens
1931 859 2218 944 frugum,
2254 856 2552 921 Saturnia
2581 856 2790 938 telluS‚

1206 965 1451 1050 Magna
1479 960 1725 1024 virum!

1028 1098 1223 1159 certe
1243 1094 1371 1156 aut
1393 1083 1573 1153 miro
1593 1082 1743 1175 ipse
1764 1106 2000 1154 errore
2021 1093 2291 1166 teneor,
2314 1093 2442 1153 aut
2463 1106 2606 1153 vox
2626 1083 2752 1153 illa
2774 1080 3140 1154 Saturnia

1028 1206 1191 1296 plus
1227 1202 1416 1271 valet
1448 1200 1542 1271 ad
1575 1198 2092 1270 conciliandam
2125 1199 2410 1270 lectoris
2445 1222 2590 1269 non
2623 1198 2903 1271 indocti
2948 1223 3140 1271 men-

1028 1329 1202 1400 tem,
1238 1339 1454 1411 quam
1490 1315 1826 1407 epithetis
1859 1324 2097 1406 posset
2129 1314 2314 1386 effici
2346 1314 2588 1386 omnia
2621 1317 2808 1386 bona
2839 1328 2921 1387 et
2945 1335 3141 1411 mag-

1026 1434 1237 1506 nifica
1262 1431 1842 1525 praedicantibuS.
1894 1430 2290 1501 Enimvero
2316 1430 2705 1523 plurimum
2730 1456 2975 1503 errare
3009 1435 3141 1503 hac

1025 1550 1100 1620 in
1138 1558 1341 1641 parte
1378 1547 1714 1617 videntur
1746 1546 2148 1638 scriptores,
2185 1546 2312 1640 qui
2346 1556 2474 1618 aut
2507 1547 2688 1618 duro
2733 1548 2950 1618 nimis
2997 1548 3141 1618 sint

1026 1661 1336 1758 ingenio,
1373 1673 1502 1733 aut
1535 1660 1761 1732 literis
1797 1685 2051 1753 parum
2087 1662 2370 1749 imbuti,
2405 1686 2571 1733 cum
2606 1686 2758 1734 rem
2798 1663 3138 1756 epithetis

1027 1778 1432 1849 donandam
1467 1787 1728 1869 putent
1752 1779 2174 1871 plerumque
2200 1778 2294 1849 ad
2320 1775 2555 1848 visum
2589 1779 3138 1870 pertinentibuS,

1027 1904 1157 1965 aut
1207 1917 1371 1987 quae
1428 1892 1533 1963 rei
1588 1893 2099 1985 proprietatem
2156 1894 2469 1987 aliquam
2530 1895 2957 1989 significent,
3013 1906 3138 1966 aut

1028 2031 1193 2102 quae
1229 2008 1538 2099 denique
1583 2029 1741 2077 eam
1789 2009 2160 2102 grandem,
2197 2009 2609 2100 speciosam,
2644 2008 3137 2079 admirabilem

1028 2123 1518 2218 pronuntient.
1607 2123 1833 2218 Fugit
1866 2124 2207 2194 nimirum
2243 2149 2364 2196 eos
2395 2148 2625 2220 genus
2656 2125 2838 2197 illud
2871 2126 3138 2198 lautius

1028 2241 1258 2310 multo
1292 2264 1375 2310 ac
1408 2237 1854 2331 locupletiuS,
1891 2239 2084 2331 quod
2118 2263 2212 2310 ex
2246 2239 2545 2311 historia
2585 2242 2784 2326 (ficta
2815 2265 2909 2310 an
2945 2241 3139 2312 civili

1025 2378 1282 2446 parum
1341 2355 1591 2446 refert)
1655 2365 1761 2424 est
1825 2354 2273 2425 sumendum.
2378 2355 2636 2448 Neque
2695 2356 2890 2426 enim
2953 2357 3138 2427 levia

1027 2481 1196 2540 sunt
1236 2470 1375 2540 ista
1430 2493 1594 2562 quae
1649 2494 1744 2541 ex
1798 2470 2090 2564 regione
2140 2470 2401 2541 illustri
2450 2482 2619 2543 sunt
2670 2472 3004 2554 deducta,
3057 2483 3139 2542 ut

1024 2581 1351 2678 Paphiae
1395 2581 2013 2680 myrtus—hylari
2044 2583 2342 2654 rosaria
2376 2581 3136 2682 Paesti—Armaque,

1026 2695 1107 2770 A
1112 2695 1633 2795 myclaeumque
1683 2722 1961 2784 canem,
2023 2697 2514 2798 Cressamque
2557 2700 3139 2799 pharetram.—

1026 2816 1134 2888 At
1168 2816 1643 2909 pulcherrima
1679 2828 1848 2888 sunt
1883 2841 2043 2910 quae
2092 2818 2434 2890 fabulosae
2480 2819 2935 2913 antiquitatis
2985 2845 3138 2913 spe-

1028 2933 1209 3003 ciem
1262 2956 1411 3025 prae
1459 2956 1533 3003 se
1575 2934 1842 3019 ferunt,
1878 2945 1960 3004 ut
2003 2929 2314 3004 Cereale
2333 2932 3141 3028 papaver,—Dilectoe

1038 3045 1344 3119 Thetidi
1376 3046 1481 3118 H
1480 3034 2242 3143 alcyones-qsapidis
2274 3070 2467 3119 arva
2515 3047 2812 3121 Timavi
2834 3076 2861 3132 ‚·
2905 3063 2984 3123 et
3015 3053 3140 3123 illa

1027 3162 1101 3234 in
1138 3164 1487 3256 principio
1522 3163 2059 3259 Georgicorum,

1114 3293 1314 3359 Liber
1343 3310 1406 3359 et
1434 3293 1600 3358 alma
1631 3297 1844 3373 Ceres,
1877 3306 2086 3358 vestro
2117 3292 2166 3357 si
2198 3317 2457 3359 munere
2488 3294 2676 3360 tellus

1118 3397 1467 3461 Chaoniam
1499 3398 1721 3484 pingui
1751 3396 2046 3484 glandem
2077 3397 2347 3463 mutavit
2376 3398 2586 3478 arista,

1115 3498 1479 3583 Poculaque
1508 3497 1776 3563 inventis
1808 3500 2100 3564 Acheloia
2129 3500 2380 3565 miscuit
2411 3501 2571 3566 avie.
2631 3503 2903 3567 GEonG.
2936 3505 2997 3567 1.
3026 3507 3089 3570 7.

1026 3641 1155 3701 aut
1175 3627 1431 3722 quibus
1461 3628 1669 3699 modo
1696 3630 2027 3721 perlectis
2055 3630 2298 3702 statim
2326 3631 2401 3701 in
2429 3631 2798 3705 historiam
2823 3633 3133 3728 aliquam

1026 3748 1339 3820 incidere
1374 3744 1746 3827 videmur;
1801 3757 1883 3817 ut
1916 3745 1991 3815 in
2029 3747 2151 3817 illo
2190 3746 2500 3830 Horatii,

1543 3875 1838 3940 Tendens
1869 3876 2256 3940 Venafranos
2285 3876 2348 3939 in
2380 3899 2565 3964 agros

1286 3981 1431 4042 Aut
1462 3979 2010 4043 Lacedoenwnium
2040 3980 2416 4044 Tarentum.

1030 4088 1131 4156 Et
1168 4111 1433 4172 riu-sus,
