3559 5575
304 105 558 171 Pas-1..
591 103 691 173 X.
728 93 735 97 ’
931 107 1061 170 DE
1111 104 1744 170 IMITATIONE.
2319 107 2444 173 141

304 289 523 351 certe
574 279 651 349 in
704 277 816 350 his
866 279 1146 370 lapsum
1192 302 1344 349 esse
1394 289 1683 371 poetam
1727 277 2103 349 fatendum
2148 291 2283 360 est,
2321 279 2442 351 ubi

311 396 716 477 Caesarem,
750 395 1068 464 clausum
1107 404 1413 489 angusto
1445 394 1677 465 limite
1711 393 2176 486 hostibusque
2210 396 2445 467 obses-

314 533 488 581 sum
523 508 866 603 undique,
899 511 1034 580 hoc
1068 510 1281 580 modo
1314 509 1655 579 affectum
1691 508 1928 602 fingit.

761 639 1066 724 Tangunt
1096 638 1336 703 animos
1362 638 1622 724 iraeque,
1654 650 2024 724 metusque:

505 742 599 804 Et
628 740 810 804 timet
836 738 1148 819 incursus,
1177 739 1673 825 indignaturque
1702 739 1940 803 timere.

1774 842 2041 905 Pruna.
2075 843 2166 906 X.
2201 846 2350 908 444.

331 960 532 1030 Iram
561 961 755 1032 enim
781 984 944 1030 cum
972 959 1230 1031 timore
1256 983 1705 1053 nequaquam
1733 971 1923 1032 stare
1950 986 2153 1053 posse
2179 964 2442 1036 diserte

331 1098 381 1145 a
415 1075 851 1166 Philosopho
884 1074 1160 1144 dictum
1194 1087 1325 1145 est.
1427 1078 1856 1168 Quanquam
1905 1077 1982 1146 in
2034 1077 2282 1148 eodem
2336 1102 2446 1148 er·-

330 1211 494 1260 rore
530 1188 823 1259 Livium
860 1189 1126 1260 versari
1159 1190 1392 1272 video,
1426 1190 1552 1282 qui
1585 1191 1677 1260 de
1711 1190 2082 1260 Gallorum
2123 1192 2443 1263 exercitu

331 1302 646 1374 scribens
694 1304 944 1396 iniquo
1003 1327 1266 1398 genere
1326 1327 1590 1398 pugnae
1652 1305 2113 1396 deprehensO‚
2172 1306 2445 1377 animos

331 1440 579 1488 eorum
614 1417 717 1489 ait
752 1415 946 1487 “ira
998 1425 1074 1488 et
1103 1439 1400 1512 pavore
1420 1415 1687 1512 fuisse
1719 1414 2183 1489 obcaecatosss’
2281 1420 2445 1492 Liv.

331 1533 784 1607 XXXVIII.
817 1540 936 1606 21.
977 1536 1134 1606 Nec
1167 1537 1479 1606 multum
1514 1537 1716 1606 abest
1742 1536 1836 1606 ab
1869 1537 2121 1607 horum
2156 1536 2443 1610 inscitia

331 1648 510 1721 illud
545 1648 765 1721 Statii
796 1644 886 1720 de
909 1651 1297 1744 juvenibus
1328 1650 1661 1721 ludorum
1698 1662 2061 1722 certamen
2097 1650 2405 1723 inituriS.

509 1782 815 1866 Spesque,
845 1779 1183 1866 audaxque
1213 1801 1344 1843 una
1373 1793 1600 1858 metuS,
1630 1794 1696 1843 et
1724 1780 1960 1844 fiducia
1985 1779 2248 1866 pallens.

1787 1882 2022 1945 Tana.
2058 1884 2171 1946 VI.
2204 1885 2353 1952 893.

438 1993 528 2062 In
580 1989 738 2062 haec
789 2003 1030 2063 autem
1081 1993 1261 2064 vitia
1314 1992 1693 2083 scriptores
1749 1993 2113 2063 incurrere
2170 1994 2445 2085 opinor,

336 2106 509 2176 dum
564 2106 953 2200 longinqua
1004 2130 1230 2199 usque
1276 2107 1524 2176 venari
1572 2108 1875 2186 malunt,
1918 2129 2135 2197 quam
2180 2108 2449 2198 paratis

335 2221 445 2292 uti
493 2231 570 2292 et
603 2221 1119 2313 praesentibu83
1170 2229 1299 2290 aut
1333 2220 1504 2290 dum
1542 2220 1813 2311 priores
1848 2222 2233 2312 superandi
2266 2222 2452 2293 desi-

329 2334 534 2406 derio
593 2335 788 2427 capti
847 2335 1096 2406 eadem
1159 2344 1440 2405 naturae
1499 2334 1729 2425 spatia
1790 2335 2004 2406 toties
2070 2348 2448 2431 peragrata

327 2449 638 2520 scrutari
672 2472 865 2544 aegre
898 2449 1164 2534 ferunt,
1200 2460 1275 2520 at
1309 2472 1477 2542 quae
1515 2451 1672 2543 jam
1720 2460 1891 2522 ante
1933 2450 2228 2523 inventa
2275 2465 2443 2525 sunt

326 2566 736 2658 et-vulgata
784 2564 1071 2635 insolito
1135 2564 1346 2634 modo
1407 2566 1948 2658 conjungentes»,
1995 2565 2267 2660 ingenii
2316 2568 2444 2639 ali-

327 2701 550 2771 quam
616 2677 903 2749 laudem
970 2690 1046 2750 et
1104 2678 1448 2750 novitatis
1505 2691 1915 2770 proponunt
1975 2680 2154 2761 sibi;
2237 2685 2441 2777 cujus

327 2819 533 2888 spem
566 2819 855 2867 omnem
891 2795 1159 2889 alioqui
1194 2798 1563 2889 abreptam
1601 2806 1889 2887 putant.

432 2912 598 2992 Qua
644 2910 722 2980 in
775 2910 1134 2981 sententia
1183 2911 1313 2993 bis,
1348 2925 1433 2981 ut
1466 2909 1740 3001 opinor,
1773 2911 2145 2980 falluntur.
2250 2912 2443 2982 Nam

325 3048 567 3117 neque
618 3023 921 3094 aliorum
971 3024 1270 3095 inventa
1319 3024 1715 3114 disponere,
1757 3024 2193 3094 inventionis
2243 3025 2318 3095 in
2372 3048 2447 3097 se

326 3140 624 3210 laudem
662 3138 920 3210 habet:
973 3159 1207 3230 neque
1243 3138 1349 3207 ita
1382 3147 1492 3207 est
1525 3147 1809 3207 naturae
1843 3139 2099 3231 jejuna
2135 3148 2263 3209 aut
2296 3149 2448 3212 tam

331 3256 713 3345 absumpta
769 3251 1129 3335 materies,
1165 3262 1248 3324 ut
1280 3274 1424 3323 non
1461 3251 1744 3322 abunde
1788 3251 2118 3323 relictum
2165 3252 2259 3324 sit
2292 3264 2448 3326 arte

332 3391 420 3439 ac
477 3367 764 3439 solertia
830 3366 1133 3437 aliorum
1199 3365 1717 3461 indagandum.
1822 3365 2097 3439 Verum
2163 3370 2299 3440 hoc
2366 3370 2441 3441 in

332 3481 572 3553 studio
622 3480 1067 3574 praecipuum
1118 3492 1227 3553 est
1279 3492 1363 3553 ut
1406 3482 1478 3552 in
1534 3492 1851 3553 mentem
1904 3506 2105 3554 suam
2158 3484 2446 3575 penitus

333 3597 721 3668 descendat
755 3596 1079 3690 scriptor,
1112 3620 1354 3668 secum
1389 3620 1532 3668 una
1566 3597 1764 3669 ineat
1799 3598 2113 3681 consilia,
2138 3601 2449 3690 pectoris

336 3712 448 3783 sui
498 3735 758 3783 arcana
804 3721 878 3784 et
923 3713 1229 3784 latebras
1281 3713 1525 3783 sedulo
1576 3712 1934 3784 excutiat:
1996 3723 2072 3784 et
2105 3714 2444 3807 quoniam

332 3828 473 3899 hac
536 3828 696 3921 lege
763 3827 937 3897 facti
995 3850 1147 3898 esse
1206 3826 1553 3909 videmur,
1613 3837 1698 3898 ut
1751 3830 2141 3898 affectuum
2203 3826 2448 3919 singu-

336 3942 567 4012 lorum
617 3941 889 4013 semina
935 3942 1319 4034 unicuique
1366 3954 1688 4014 nostrum
1725 3942 1996 4033 pariter
2029 3943 2174 4014 sint
2208 3940 2450 4020 insita,
