3559 5575
406 173 520 238 Pani..
536 173 692 238 XXXV.
764 174 829 239 DE
853 175 1146 240 PHANTASIA.
1391 177 1456 242 453

404 346 639 430 declarasset;
663 347 813 442 adjectis
837 372 922 420 vero
947 349 1085 421 duobus
1109 348 1282 432 terminis,
1306 349 1456 442 planitie

404 463 540 535 scilicet
557 474 595 534 et
611 463 802 535 Graiorum
820 464 907 547 acie,
926 465 1093 559 (quorum
1111 465 1296 558 utriusque
1317 467 1362 537 ad
1384 477 1456 538 ter·

406 578 520 649 minos
536 579 670 670 priores
687 579 812 650 eadem
826 590 881 652 est
894 581 997 664 ratio,
1009 588 1052 650 ot
1062 577 1235 676 impetum
1248 579 1455 679 cohibeant)

399 695 500 788 justa
520 695 598 788 jam
622 694 719 767 facta
742 707 798 767 est
818 696 1037 789 comparatio
1057 708 1095 769 et
1112 697 1269 768 numeris
1292 698 1456 771 omnibus

404 810 577 882 absoluta.

456 926 541 999 Pari
573 927 611 997 in
645 927 751 998 laude
784 938 839 998 est
869 928 1002 1022 alioqui
1031 930 1290 1021 pulcherrimus
1319 933 1456 1005 Valerii

406 1042 527 1114 Flacci
543 1044 653 1130 locus,
669 1044 732 1114 ubi
750 1044 916 1115 mulieres
939 1045 991 1116 ait
1008 1070 1030 1116 a
1053 1046 1228 1117 moenibus
1254 1047 1351 1118 urbis
1376 1071 1457 1140 pro-

405 1157 540 1250 spicere
555 1158 756 1254 ingruentis
771 1159 856 1254 belli
873 1159 1013 1242 faciem,
1027 1174 1199 1254 tanquam
1216 1185 1311 1246 aves,
1324 1163 1456 1234 adven-

404 1285 507 1348 tante
524 1278 652 1369 hyeme
668 1277 777 1348 ramis
793 1288 920 1349 maeste
935 1277 1141 1350 insidentes.

663 1421 727 1484 Ast
739 1419 802 1485 illae
817 1442 981 1484 murorum
995 1435 1136 1486 extrema
1149 1437 1327 1512 capessunt,

491 1521 679 1608 Defixoeque
692 1521 796 1586 virum
811 1521 991 1608 lituumque
1004 1522 1183 1610 fragoribus
1197 1526 1333 1589 horrent.

493 1624 609 1702 Quales
622 1623 750 1690 instanti
764 1623 943 1688 nimborum
959 1624 1077 1712 frigore
1091 1641 1209 1692 maestae

494 1727 675 1792 Succedunt
689 1727 793 1806 ramis,
807 1727 992 1814 haerentque
1006 1752 1123 1816 pavore
1137 1729 1289 1795 volucres.

1110 1833 1245 1896 Ancon.
1262 1833 1322 1896 VI.
1336 1833 1413 1896 503.

458 1965 659 2038 Perfectum
689 1964 748 2035 hic
777 1987 919 2058 quoque
946 1964 1108 2036 videmus
1139 1966 1379 2061 Analogiam:
1415 1975 1458 2037 ut

407 2077 541 2154 bedam
559 2083 605 2153 ad
622 2077 807 2164 mutieres,
823 2078 876 2152 ita
894 2081 940 2151 ad
957 2101 1046 2151 oves
1063 2076 1179 2152 imber
1195 2105 1232 2152 se
1250 2083 1369 2153 habet.

457 2199 578 2280 Quare
600 2210 643 2270 ut
660 2201 738 2281 hoc,
755 2197 857 2292 quasi
879 2219 1043 2270 normam
1068 2199 1248 2291 quandem
1275 2207 1311 2268 et
1336 2221 1459 2268 exem-

407 2315 496 2405 plar,
513 2325 598 2387 ante
614 2316 734 2387 oculos
750 2337 937 2407 ponamus,
954 2336 1025 2385 non
1043 2315 1106 2386 abs
1122 2338 1162 2386 re
1178 2315 1326 2386 fortasse
1348 2315 1459 2385 fuerit

407 2453 521 2522 pauca
541 2432 706 2526 quaedam
730 2454 776 2501 ex
799 2429 948 2500 diversis
970 2430 1199 2522 scriptoribus
1222 2433 1387 2523 exempla
1412 2432 1458 2501 ad

407 2547 505 2618 hunc
528 2569 701 2618 canonem
726 2544 892 2640 exigere:
919 2545 1014 2616 unde
1031 2545 1137 2616 fidem
1157 2545 1262 2617 modo
1278 2545 1383 2617 dictis
1401 2569 1459 2616 ac-

407 2685 584 2734 cessuram
605 2660 981 2755 puto-pulchriorem
1006 2660 1140 2732 scilicet
1157 2661 1457 2752 comparationem

406 2778 520 2861 reddi,
537 2788 644 2872 prout
660 2803 683 2849 a
699 2777 856 2870 perfecta
874 2775 1038 2873 analogia
1055 2777 1199 2870 propius
1221 2777 1324 2851 absit.
1377 2775 1460 2849 Me-

408 2894 552 2965 minisse
576 2904 697 2965 autem
723 2893 870 2963 omnino
896 2893 1083 2983 oportebit,
1106 2916 1171 2965 nos
1196 2894 1264 2963 hac
1287 2894 1325 2963 in
1357 2898 1459 2985 parte

407 3028 480 3077 non
492 3005 551 3076 rei
561 3011 786 3099 comparatae
798 3005 861 3075 sed
874 3001 1162 3099 comparationis
1175 3005 1248 3075 vim
1261 3006 1457 3079 aestimare:
1472 3072 1473 3079 ,

407 3144 490 3192 cum
508 3120 638 3213 saepius
654 3120 692 3190 id
704 3120 782 3191 fieri
799 3120 996 3215 contingat,
1011 3121 1181 3213 majorem
1197 3120 1364 3215 imaginis
1380 3145 1458 3215 spe-

407 3238 513 3309 ciosae
526 3236 597 3307 vim
610 3259 697 3319 esse,
711 3234 945 3307 similitudine
957 3236 1176 3328 imperfecta,
1187 3258 1293 3328 quom
1306 3238 1458 3309 sordidae

408 3354 557 3449 alicujus
574 3364 638 3424 aut
653 3352 885 3446 quotidianae,
900 3354 1002 3447 cujus
1019 3351 1250 3445 propinquior
1265 3364 1358 3423 esset
1374 3375 1457 3424 cum

408 3492 447 3540 re
463 3470 644 3563 praecipua
660 3467 895 3540 necessitudo.

458 3586 633 3681 Ejusdem
657 3608 743 3681 ergo
759 3584 897 3657 Valerii
921 3583 1085 3679 egregius
1109 3594 1165 3655 est
1181 3586 1279 3655 locus
1298 3608 1369 3677 quo
1394 3586 1456 3657 de-

408 3702 575 3773 scribitur
592 3702 734 3786 Medea,
746 3700 878 3793 pavida
895 3709 932 3771 et
944 3700 1089 3772 consilio
1107 3702 1199 3772 male
1216 3703 1290 3784 fisa,
1303 3701 1456 3793 patriam

409 3841 491 3890 cum
511 3818 644 3889 Jasone
665 3817 852 3888 relictura:
879 3840 988 3911 quam
1015 3816 1140 3911 utique
1166 3826 1392 3887 cunctantem
1419 3828 1457 3889 et

408 3935 589 4006 labantem
607 3932 725 4003 animo
743 3935 907 4005 bortatur
923 3934 1059 4015 Venus,
1076 3932 1189 4024 ipsam
1207 3956 1245 4003 se
1262 3933 1330 4003 viae
1348 3934 1457 4003 comi-

410 4059 483 4120 tem
501 4049 710 4143 adjungens.

880 4180 907 4231 c
925 4170 990 4257 gb
