3559 5575
355 123 589 241 rui.
616 174 827 239 xlx.
1017 175 1151 241 DE
1196 177 1813 243 AFFEc‘rmUS.
2334 180 2463 245 257

526 348 632 422 Mu)
658 345 790 430 πρός
816 370 892 431 ,γε
921 344 1205 426 Πίλοπος,
1235 347 1332 411 καὶ
1361 348 1493 430 πρὸς
1520 346 1765 429 Ἀτρέως
1792 347 2026 430 πατρὸς,

532 446 645 510 Καὶ
674 451 771 523 τῆς
798 472 870 531 γε
896 449 1126 532 μητρὸς,
1158 448 1189 526 ἢ
1218 449 1343 533 πρὶν
1368 449 1612 512 ὥδίνουσ·’
1643 449 1743 531 ἐμὲ

523 551 646 612 Νῦν
674 546 928 635 δευτέραν
954 550 1119 613 ὠδῖνα
1146 550 1299 628 τήνδε
1328 550 1636 631 λαμβάνει.

520 649 601 714 Τί
622 674 718 732 μοι
747 649 979 731 μέτεστι
1011 661 1119 715 τῶν
1146 652 1516 736 Ἀλεξάνδρου
1542 652 1775 737 γάμων,

517 749 750 828 Ἑλᾶνης
778 775 880 824 τες
927 749 1081 814 πόθεν
1110 748 1226 827 ἦλθ’
1261 754 1340 814 ἐπ’
1372 751 1570 838 ὀλέθρῳ
1598 754 1795 842 ταρμῷ,
1824 750 2040 837 πάτερς

523 851 752 927 Βλέψον
779 854 911 936 πρὸς
938 857 1113 935 ἡμᾶς,
1143 852 1303 935 ὄμμα
1332 855 1415 927 δὸς
1447 853 1674 935 ᾠίλημᾶ
1700 880 1788 931 τε,

514 952 615 1018 'lv'
640 957 804 1017 ἀλλὰ
829 961 992 1017 τοῦτο
1025 955 1349 1018 κατθανοῦσ’
1376 954 1496 1041 ἔχω
1524 955 1677 1020 σέθεν

530 1056 837 1138 Μνημεῖον,
867 1061 912 1119 εἲ
941 1060 1018 1137 μὴ
1045 1062 1160 1131 τοῖς
1187 1060 1402 1144 πεισθῇς
1432 1059 1638 1143 λόγοις.

1676 1163 1832 1226 Im.
1865 1183 1943 1226 m
1973 1164 2154 1226 Aut..
2176 1163 2370 1226 1233.

355 1337 551 1409 Tum
583 1336 882 1409 fratrem
917 1361 1200 1432 quoque
1231 1339 1584 1410 infantem
1618 1339 1695 1409 in
1729 1350 1970 1432 partes
2016 1340 2341 1425 advocat,
2373 1351 2458 1411 ut

351 1451 683 1542 lacrymis
751 1453 1004 1524 saltem
1072 1477 1195 1525 cor
1261 1454 1522 1524 durum
1592 1454 1816 1545 patris
1884 1455 2158 1526 mollire
2212 1454 2453 1547 possit.

352 1567 724 1648 Quantum
762 1592 928 1639 vero
964 1569 1174 1663 hujus
1208 1568 1346 1639 loci
1381 1568 1530 1638 vim
1564 1579 1639 1639 et
1671 1571 1858 1650 πάθος
1899 1571 2230 1643 minuant
2263 1581 2456 1663 post-

353 1681 536 1754 remi
567 1682 689 1754 isti
721 1707 966 1755 versus
1001 1707 1212 1757 nemo
1246 1707 1390 1755 non
1426 1683 1665 1755 videt:

516 1850 626 1916 ‘Er
655 1861 1008 1935 συντεμοῦσα
1035 1855 1221 1917 πάντα
1251 1855 1456 1933 νικήσω
1486 1856 1674 1940 λόγον.

524 1956 608 2017 Τὸ
640 1962 750 2038 φῶς
775 1955 885 2018 τόδ’
916 1956 1274 2043 ἀνθρώποισιν
1301 1958 1523 2034 ἥδιστον
1550 1956 1800 2036 βλέπειν,

527 2061 623 2120 Τὰ
652 2054 792 2143 νέρθε
821 2058 864 2119 δ’
897 2058 1080 2132 οὐδείς·
1123 2058 1386 2139 μαίνεται
1418 2059 1485 2136 δ’,
1513 2056 1571 2132 ὃς
1600 2056 1831 2141 εὔχεται

531 2160 755 2221 Θανεῖν·
787 2165 976 2233 κακῶς
1006 2163 1100 2244 ζῇν
1130 2163 1412 2245 κρεῖσσον,
1441 2157 1473 2235 ἢ
1504 2157 1674 2221 θανεῖν
1704 2165 1911 2230 καλῶς.

1797 2260 1948 2322 Im.
1981 2259 2160 2321 Am„
2183 2258 2372 2328 1249.

460 2416 745 2489 Interea
811 2419 1157 2511 praecepti
1222 2420 1521 2513 hujusce
1573 2418 1718 2488 vim
1770 2416 2109 2510 Euripidi
2162 2441 2304 2489 non
2355 2417 2461 2513 ig-

357 2542 601 2603 notam
648 2533 889 2618 fuisse,
933 2544 1020 2606 ut
1058 2534 1456 2626 complures
1501 2534 1654 2628 ejus
1698 2534 1965 2604 fabulae
2004 2543 2249 2626 aperte
2295 2534 2462 2604 edo-

357 2657 545 2731 cent,
570 2649 675 2720 ita
699 2650 835 2719 hac
858 2649 1015 2741 ipsa
1039 2672 1134 2719 ex
1168 2671 1380 2720 scena
1411 2648 1720 2744 intelligi
1741 2648 1934 2734 licet,
1960 2648 2080 2719 ubi
2118 2671 2260 2719 non
2297 2649 2459 2731 alie,

227 2755 232 2760 ’
357 2773 441 2836 ut
473 2763 782 2849 videtur,
815 2764 1108 2836 consilio
1141 2764 1428 2858 utrique
1460 2788 1785 2857 personae
1819 2789 1970 2836 suae
2005 2763 2463 2859 assignantur

357 2889 617 2971 partes.
664 2879 1263 2971 clytemnestram
1289 2879 1558 2950 scilicet
1579 2879 2020 2973 argumentis
2040 2901 2193 2949 rem
2216 2901 2461 2972 agere;

357 2993 912 3089 —Iphigeniam
947 3018 1114 3066 vero
1150 2995 1538 3065 maximam
1575 2995 1653 3065 in
1694 2993 2211 3064 commovenda
2256 2993 2464 3062 mise-

359 3107 664 3178 ricordia
698 3109 1035 3181 collocare
1070 3132 1357 3203 operam
1392 3107 1584 3178 fecit.
1691 3109 1890 3178 Iteru
1898 3130 2112 3200 mque
2145 3105 2221 3174 in
2250 3107 2465 3176 Phoe-

359 3221 589 3304 nissiS,
626 3233 888 3294 matres
924 3223 1294 3295 Thebanae
1329 3222 1662 3293 lamentis
1696 3231 1985 3292 tantum
2027 3230 2102 3290 et
2135 3220 2462 3312 precibus

359 3337 643 3408 Thesea
675 3340 1234 3432 aggrediuntur3
1288 3360 1510 3432 quum
1546 3336 1826 3407 AEthrae
1859 3335 2089 3407 oratio
2122 3359 2265 3407 non
2309 3346 2459 3408 tam

359 3452 838 3524 misericordia
884 3454 1277 3537 contendit,
1311 3475 1528 3547 quam
1563 3452 2004 3547 argumentis
2038 3453 2455 3524 miserarum

358 3591 644 3638 causam
685 3569 895 3640 tueri.
1000 3570 1106 3639 Et
1149 3570 1470 3661 profecto
1520 3568 1581 3639 si
1631 3568 2023 3639 affectuum
2074 3592 2159 3640 ea
2210 3579 2319 3641 est
2352 3569 2459 3640 vis

317 3752 322 3756 ,
358 3692 575 3775 atque
608 3683 989 3776 imperium
1025 3693 1335 3768 tantum,
1369 3693 1454 3755 ut
1485 3683 1596 3754 his
1632 3685 1852 3754 semel
1884 3683 2279 3768 concitatis„
2304 3708 2460 3755 sen-

357 3798 662 3868 tentiam
713 3799 1098 3891 aliquando
1158 3824 1201 3870 a
1249 3799 1614 3894 judicibus
1673 3794 2100 3892 extorqueri
2157 3798 2458 3880 dicatur,

254 3910 269 3920 ’
356 3923 552 3985 certe
601 3916 790 3986 hanc
822 3914 1013 3985 viam
1060 3915 1121 3986 si
1165 3916 1385 3987 semel
1427 3914 1730 3986 feliciter
1768 3914 2033 3995 inierit,
2068 3936 2158 3983 ne
2193 3923 2460 3983 temere

359 4028 520 4122 quis
587 4053 874 4102 cursum
944 4031 1282 4103 orationis
1344 4031 1725 4102 immutare
1777 4029 1950 4100 velit
2004 4037 2249 4097 monet
2307 4025 2461 4119 ipsa

1397 4166 1432 4215 S

3273 3038 3276 3049 ““
3276 2966 3278 2983 -
3276 2778 3286 2947 Ἢ--ἡ
3276 2602 3288 2765 -*r——-¹
