3559 5575
480 163 546 232 166
727 209 730 214 -
847 160 970 230 Pales
992 157 1153 229 PRIMA
1314 163 1431 228 Pm.
1447 163 1538 230 ΧΗ.

531 339 606 423 (ml
624 337 672 410 sit
687 319 921 430 ‘repentinum
943 337 1225 431 propinquorum
1249 353 1385 422 ansere,
1401 337 1539 409 renenfi

475 459 554 552 jam
577 464 615 526 et
631 453 782 524 vixdum
803 452 949 548 cognitu
975 451 1149 524 carissimi
1174 452 1388 546 cujusquam
1410 464 1540 538 morte,

481 591 588 642 nemo
608 565 742 640 rectius
765 578 829 640 aut
845 567 986 639 fidelius
1003 561 1171 661 depinxit
1186 587 1296 660 quam
1319 568 1358 638 in
1381 569 1540 640 secundo

483 681 678 757 Phemoliae
713 683 894 754 Lucanus.
944 683 1051 766 Quod
1085 683 1230 776 quidem
1265 702 1309 754 eo
1341 684 1541 755 mirabilius

483 799 583 884 duxi,
596 799 682 893 quia
698 797 829 870 mentis
842 798 879 868 vi
895 798 1016 891 potius
1032 809 1070 870 et
1082 795 1343 872 sententiarum
1359 799 1541 893 gravitate

482 917 673 989 Lucanum
696 916 829 1008 pollere
851 914 1028 998 novimus,
1045 933 1156 1008 quam
1176 913 1332 1007 simplici
1347 925 1386 986 et
1401 913 1545 985 sincere

482 1044 624 1104 naturoe
653 1031 866 1103 imitatione.
917 1029 1016 1112 Quin
1044 1030 1180 1123 optime
1210 1028 1320 1101 etiam
1347 1029 1541 1122 descriptio

482 1149 546 1220 ills
569 1148 744 1241 poematis
765 1145 898 1218 rationi
921 1143 1084 1229 inservit,
1104 1156 1143 1217 et
1163 1143 1305 1239 publico
1326 1145 1455 1216 Romae
1476 1142 1541 1216 do-

483 1261 552 1335 lori
585 1264 768 1356 aptissime
801 1263 1004 1356 respondet,
1033 1275 1147 1356 quum
1176 1262 1216 1333 in
1243 1263 1418 1334 luctuosae
1443 1260 1540 1332 illius

484 1380 671 1452 discordiae
687 1379 791 1450 initio
808 1389 1003 1472 tempestus
1022 1375 1102 1474 jam
1124 1378 1271 1472 pmpius
1290 1377 1486 1473 ingrueret,
1502 1387 1541 1449 et

484 1497 585 1567 nulle
612 1493 709 1588 pacis
735 1515 815 1586 spes
841 1503 1052 1588 superesset.
1105 1494 1303 1590 Postquam
1334 1493 1431 1567 eninr
1459 1494 1541 1567 dix·

485 1611 566 1697 erit,

573 1731 662 1794 Tum
677 1741 809 1817 quartus
822 1742 952 1795 tenuem
966 1745 1050 1810 mor,
1064 1745 1264 1819 magnusque
1276 1745 1335 1820 pn·
1345 1741 1455 1795 omne

573 1831 703 1898 Erravit
717 1831 783 1898 sinc
797 1855 874 1898 voce
887 1831 998 1907 dolorr

486 1955 672 2051 subjungit
700 1957 778 2026 hec
804 1954 940 2038 statim,
965 1953 1097 2048 privati
1126 1952 1258 2027 doloris
1284 1960 1405 2027 ortrrm
1431 1963 1543 2049 atque

485 2074 708 2146 incrementa
724 2071 965 2167 pulcherrime
980 2069 1165 2164 aperiens:

1052 2229 1104 2296 Sic
1117 2229 1229 2295 funere
1243 2227 1347 2318 primo

573 2335 731 2401 Attonitoe
747 2349 872 2400 tacuere
886 2333 1012 2412 domus,
1027 2349 1101 2398 num
1115 2347 1247 2421 corpora
1261 2328 1403 2398 nondum

575 2437 777 2503 Conclamata
786 2439 905 2524 jacent,
921 2459 979 2501 nec
993 2447 1094 2501 mater
1106 2436 1193 2502 crlne
1208 2435 1312 2508 soluto

574 2539 688 2627 Exigit
701 2539 743 2604 ad
758 2559 856 2604 soevoe
870 2539 1063 2605 famulorum
1077 2540 1206 2606 brachiu
1218 2539 1382 2628 planetus:

576 2641 639 2706 Sed
653 2660 726 2707 cum
741 2641 883 2707 membra
896 2641 1011 2728 premit
1025 2642 1168 2729 fugiente
1181 2643 1316 2730 rigentia
1329 2642 1406 2722 vita,

576 2743 754 2833 Vultusque
768 2743 938 2824 exanimes,
952 2743 1124 2833 oculosque
1137 2744 1171 2811 in
1185 2759 1287 2811 morte
1295 2745 1455 2834 jacentem

574 2848 719 2914 Necdum
733 2858 780 2915 est
793 2849 846 2913 tlte
860 2849 960 2925 dolor,
975 2850 1111 2937 rodjam
1125 2858 1247 2915 mauu.-
1269 2848 1399 2915 incubat
1413 2872 1536 2932 emens,

575 2949 779 3039 Miraturque
794 2949 922 3016 malum.
1227 2952 1363 3017 Pitane.
1379 2953 1430 3018 11.
1445 2956 1498 3018 21.

502 3154 506 3161 »
539 3111 732 3185 Silentium
745 3112 892 3207 quidem
905 3112 979 3183 alto
997 3112 1111 3184 dolori
1125 3114 1316 3187 conventre
1332 3116 1424 3188 bene
1440 3134 1547 3190 nosse

488 3227 659 3301 videntur
683 3240 812 3321 poetae.
864 3236 886 3270 ‘⁴
900 3227 1009 3299 eura
1034 3229 1132 3300 leves
1153 3230 1361 3323 loquuntur,
1378 3233 1545 3328 ingentes

490 3352 513 3384 “
529 3348 708 3435 stupent.”
758 3344 819 3415 Sic
835 3342 1009 3416 Deianira
1032 3344 1071 3415 lu
1088 3342 1293 3418 'll-achinlls
1314 3346 1362 3419 de
1386 3348 1545 3422 Hercule

491 3458 637 3528 absente
653 3459 758 3550 plura
774 3458 958 3553 queritur:
975 3479 1063 3532 mox
1074 3459 1170 3533 illius
1187 3482 1275 3534 nette
1291 3463 1417 3535 audita
1431 3463 1546 3536 territa

491 3572 586 3644 abit:

577 3755 671 3817 XOP.
692 3750 731 3816 Ti
744 3754 805 3837 σῖγ’
820 3751 972 3839 idipsam
994 3758 1025 3819 οὔ
1040 3755 1165 3820 »ἄπισθ’
1179 3753 1214 3820 U
1229 3754 1328 3821 otim

692 3857 855 3940 Ξυνηγοριῖς
868 3864 985 3941 σιγῶσα
999 3860 1040 3944 τῷ
1056 3854 1225 3946 nominat
1338 3880 1405 3924 ver.
1419 3858 1501 3924 818.

490 4044 551 4116 Sic
567 4040 593 4115 J
595 4055 714 4117 ocesta
730 4042 871 4139 ingenti
888 4043 1008 4114 dolore
1025 4042 1173 4135 percita,
1190 4042 1228 4114 in
1244 4043 1398 4136 OEdipo:
