3559 5575
257 121 260 125 ’
308 111 541 177 run.
570 110 826 177 xxn.
876 113 1124 178 PARS
1159 62 1602 180 sncu‘NoA
1638 116 1767 180 m:
1802 115 2212 182 AFFEc'r.
2287 119 2428 184 am

299 286 789 357 videbantur:
849 306 1018 378 quae
1069 307 1240 356 vero
1293 288 1389 358 ad
1446 287 2088 360 demonstrandum
2142 300 2220 362 et
2270 291 2439 362 eoh-

293 400 696 473 ·futandum
736 401 1138 494 pertinent,
1172 426 1319 474 non
1358 428 1453 476 ea
1491 406 1787 498 quidem
1823 406 1915 476 ab
1948 417 2106 479 arte
2141 407 2440 480 Poeticn

307 517 545 589 aliena
578 541 734 589 esse
766 517 975 602 duco,
1011 519 1140 589 sed
1172 542 1339 590 cnm
1373 520 1773 593 Dialectica
1809 522 2049 614 potius
2084 533 2213 595 aut
2239 523 2439 596 Rhe-

309 616 540 705 torica
571 634 803 729 magis
836 635 1221 730 conjungi:
1258 636 1517 729 quibus
1550 637 1894 708 nimirum
1921 661 2018 710 ex
2039 639 2438 731 disciplinis

309 749 736 819 facultatem
787 748 1020 840 quaeri
1073 751 1431 841 oportebit
1480 775 1632 822 rem
1686 752 1953 824 diserte
2004 753 2435 846 explicandi,

315 862 677 933 subtifiter
722 861 1241 956 distinguendi,
1279 876 1560 957 partem
1612 890 1830 959 quam
1881 875 2175 939 tuemur
2223 891 2436 964 argu-

320 977 586 1049 mentis
621 977 1018 1048 muniendi.

421 1092 859 1185 Scriptorem
912 1093 1190 1165 interea
1233 1095 1326 1165 ad
1364 1096 1818 1167 Herennium
1862 1098 2226 1190 praecipue
2275 1122 2443 1170 auc-

316 1220 552 1282 torem
612 1232 894 1302 sequor‚
954 1210 1080 1303 qui
1135 1211 1590 1283 Sententiam
1650 1236 1804 1284 esse
1863 1213 1990 1298 ait,
2036 1211 2442 1284 orationem

314 1331 690 1420 sumptam
739 1320 837 1394 de
881 1321 1059 1407 vita,
1094 1347 1266 1419 quae
1310 1335 1451 1397 aut
1495 1325 1689 1425 quid
1728 1325 1850 1413 sit,
1887 1336 2027 1399 aut
2064 1325 2258 1423 quid
2281 1351 2444 1401 esse

315 1446 662 1535 oporteat
709 1436 789 1508 in
840 1436 1021 1522 vita,
1056 1436 1385 1511 breviter
1428 1439 1770 1512 ostendit.
1811 1444 1987 1540 [IV.
2026 1442 2188 1536 24]
2245 1443 2440 1514 Tan-

317 1567 479 1628 tum
533 1555 715 1627 illud
770 1555 1131 1651 adjectum
1185 1558 1425 1641 velim,
1476 1567 1561 1629 ut
1614 1580 1782 1651 quae
1832 1580 2076 1630 mores
2123 1555 2445 1629 dicentis

319 1667 753 1766 exprimant
804 1693 934 1762 pro
983 1671 1379 1743 Sententiis
1427 1673 1606 1744 item
1657 1674 2070 1757 habeamm,
2112 1673 2441 1767 quamvis

320 1812 406 1859 ea
442 1810 620 1881 quae.
641 1786 975 1858 dicentur
1003 1810 1239 1881 neque
1277 1788 1382 1859 ita
1428 1812 1709 1880 semper
1752 1810 1916 1861 esse
1957 1791 2036 1861 in
2071 1790 2223 1860 vita
2274 1811 2443 1859 con-

320 1913 491 1991 stet,
526 1926 760 1997 neque
791 1924 953 1975 esse
987 1910 1352 1998 ‹portet-e.

351 2085 360 2091 ,
423 2017 640 2089 Unde
691 2018 836 2088 duo
887 2018 1179 2088 omnino
1224 2042 1492 2112 genera
1537 2042 1691 2089 esse
1739 2017 2259 2089 sententiarum
2296 2016 2445 2088 effi-

322 2134 558 2206 citur:
611 2155 841 2203 unum
877 2156 1127 2203 eorum
1166 2157 1332 2227 quae
1366 2130 1683 2204 veritate
1717 2135 1889 2216 sola,
1924 2135 2232 2203 alterum
2279 2155 2445 2225 quae

307 2245 885 2345 pulchritudine
951 2244 1204 2319 valent
1267 2255 1405 2318 aut
1468 2245 1877 2344 probitate.
1980 2248 2133 2319 Illis
2198 2248 2445 2340 itaque

322 2377 670 2460 tanquam
699 2388 866 2436 vere
901 2363 1112 2436 dictis
1148 2365 1624 2446 assentimur3
1660 2367 1790 2436 has
1825 2389 1968 2436 non
2004 2365 2143 2436 nisi
2178 2365 2441 2436 affectu

325 2483 637 2576 quodam
671 2481 933 2552 imbuti
968 2482 1532 2574 comprobamus,

332 2604 343 2610 ‘
427 2596 825 2689 Superioris
877 2596 1171 2690 quidem
1224 2596 1507 2691 generis
1560 2595 1792 2667 rarior
1848 2595 2041 2687 apud
2095 2592 2446 2687 antiquis-

325 2714 542 2786 simos
575 2724 820 2806 poetas
855 2723 964 2783 est
999 2736 1209 2794 usus;
1263 2722 1515 2805 utpote
1561 2712 1685 2807 qui
1731 2711 1983 2782 mediis
2017 2713 2445 2804 plerumque

325 2831 404 2901 in
439 2832 651 2901 rebus
678 2840 1077 2914 versantur,
1101 2829 1227 2899 ubi
1260 2852 1543 2921 semper
1574 2851 1790 2923 agere
1822 2827 2097 2919 aliquid
2130 2835 2257 2897 aut
2292 2825 2447 2918 pati

326 2947 706 3040 finguntur
753 2942 1102 3025 homines,
1155 2965 1468 3025 monere,
1508 2942 1806 3023 hortari,
1846 2943 2130 3034 jubere,
2177 2950 2446 3033 petere,

328 3058 742 3151 deprecari;
786 3068 873 3128 ut
906 3079 1085 3151 quas
1119 3057 1514 3127 sententias
1545 3056 1801 3149 aliquis
1835 3055 2139 3126 dicendo
2172 3055 2448 3137 efferat,

328 3199 450 3248 eas
484 3200 529 3246 a
562 3198 641 3245 re
674 3183 894 3267 atque
918 3195 1222 3266 persona
1248 3173 1554 3243 avellere
1581 3194 1914 3264 nequeas,
1968 3170 2226 3264 Neque
2253 3170 2447 3241 enim

329 3290 495 3362 rudi
529 3291 767 3361 seculo
793 3279 1266 3360 conveniebat
1285 3287 1359 3357 in
1391 3286 1824 3380 quaestiones
1850 3284 2165 3356 infinitas
2192 3308 2447 3356 excur-

328 3429 511 3491 rere,
535 3416 611 3477 et
636 3428 799 3499 quae
834 3405 929 3476 ad
960 3404 1377 3475 universum
1413 3402 1785 3473 hominum
1818 3425 2046 3497 genus
2080 3401 2444 3494 pertinent

306 3522 909 3615 philosophorum
947 3540 1149 3591 more
1193 3520 1468 3591 efferne.
1554 3519 2058 3602 Quamobrem
2091 3518 2169 3589 in
2201 3541 2289 3589 eo
2321 3541 2445 3614 ge-

330 3635 1048 3711 nere-sententiarum
1064 3636 1222 3708 fere
1247 3636 1480 3708 omnis
1505 3635 1813 3707 vertitur
1841 3636 2229 3717 Homerus»,
2251 3633 2447 3727 quod

329 3753 446 3826 ad·-
460 3772 705 3825 mores.
721 3753 1031 3824 dicentis
1064 3752 1526 3824 declarandos
1565 3761 1864 3844 spectat.
1970 3747 2447 3821 Provectioris

335 3873 568 3942 multo
617 3870 855 3942 aetatis
900 3879 1079 3952 erat,
1124 3871 1419 3964 ejusque
1459 3869 1616 3961 jam
1666 3868 1941 3940 artibus
1988 3864 2323 3960 ingenuis
2369 3873 2449 3934 et
