3559 5575
457 96 542 187 Ι184
821 90 943 154 PARS
966 91 1191 155 SECUNDA
1291 92 1406 154 Puer..
1422 90 1536 157 XIII.

477 266 582 337 terris
599 263 777 357 paulisper
793 264 979 346 erraverit,
991 263 1039 335 ed
1054 265 1171 336 solum
1188 262 1286 334 unde
1300 275 1403 337 ortus
1415 265 1464 338 sit
1475 289 1541 359 pe·

479 377 613 449 cudum
630 377 704 449 ritu
722 378 865 449 reverti.

529 492 668 565 Verum
693 503 801 563 uteo
826 493 924 564 uude
947 514 1073 563 sumus
1094 492 1226 585 egressi
1249 491 1450 564 redeamus.
1500 495 1539 567 A

478 606 692 701 quibusdum
718 607 951 700 scriptoribus
973 603 1088 677 aliter
1105 616 1232 677 contro
1256 608 1351 678 hooc
1373 610 1537 703 regulum

478 723 618 816 peccori
650 724 751 810 solet,
774 723 916 816 quoties
940 722 1041 793 fictas
1065 731 1105 791 et
1129 720 1254 792 inanes
1278 744 1446 813 personas
1470 747 1538 815 pro

479 839 573 909 veris
595 838 814 919 instituunt;
839 838 1016 932 ejusmodi
1039 837 1120 907 dico
1144 860 1228 929 quae
1252 859 1321 909 nec
1343 838 1446 909 foere
1469 864 1539 911 uu·

480 979 601 1049 quom,
619 978 736 1049 neque
752 978 829 1026 esse
845 963 1063 1047 potuerunt;
1087 952 1217 1046 quibus
1233 976 1302 1023 nec
1323 955 1452 1046 patrie,
1468 979 1538 1029 nec

479 1092 580 1167 gens,
597 1094 665 1143 nec
680 1094 812 1142 nomeu
833 1070 1038 1164 proprium;
1062 1068 1174 1139 immo
1198 1091 1288 1161 quus
1312 1091 1360 1139 ne
1384 1069 1538 1162 scriptor

480 1187 627 1280 quidem
644 1188 720 1279 ipse
743 1210 849 1257 succo
872 1196 911 1257 et
926 1184 1101 1280 sunguine
1126 1182 1286 1269 donavit,
1302 1184 1366 1254 sed
1392 1186 1537 1259 umbros

479 1312 622 1375 tautum
648 1314 687 1373 et
704 1325 797 1372 vana
821 1300 925 1395 quasi
949 1300 1150 1381 simulacra,
1166 1298 1345 1369 vinutum
1369 1309 1409 1370 et
1429 1301 1539 1373 vitio·

477 1437 560 1485 rum
586 1414 711 1486 titulos
737 1415 902 1486 mentitu.
953 1415 1092 1508 Magna
1110 1424 1165 1484 est
1183 1413 1282 1484 houd
1298 1412 1406 1484 dubie
1421 1415 1538 1506 phun-

479 1528 582 1599 tasiae
599 1529 674 1609 vis;
700 1550 816 1621 neque
841 1530 880 1600 id
905 1530 980 1600 ullo
1004 1530 1112 1600 modo
1136 1537 1254 1621 poetae
1283 1527 1536 1623 denegandum

478 1652 579 1734 puto,
597 1652 639 1714 ut
655 1643 752 1714 Deos
777 1654 842 1715 aut
861 1644 1023 1715 Deorum
1048 1643 1182 1715 similes
1206 1666 1323 1735 supra,
1339 1654 1471 1715 sortem
1496 1655 1536 1716 et

479 1757 572 1829 vires
590 1760 765 1830 humanas
782 1760 963 1842 adhibent,
980 1760 1044 1853 qui
1059 1761 1166 1832 rebus
1182 1783 1272 1853 quos
1288 1771 1410 1832 narrat
1422 1760 1537 1831 inter·

480 1872 564 1957 sint,
590 1873 768 1967 principes
793 1886 976 1959 tueantur,
1001 1876 1241 1959 consolentur,
1265 1884 1447 1957 moneant,
1471 1875 1533 1946 ed·

480 1990 681 2073 hortentur,
701 1992 844 2084 juvent
897 1991 1027 2073 Immo,
1045 1999 1088 2060 ut
1107 1989 1209 2062 novis
1232 1989 1454 2082 insolitisque
1478 2012 1535 2061 re-

479 2128 561 2176 rum
592 2106 759 2179 monstris
788 2107 947 2178 fabulam
977 2104 1188 2200 distinguat,
1218 2128 1291 2198 quo
1319 2105 1436 2177 acrius
1463 2107 1536 2177 leo-

479 2232 594 2293 torem
623 2224 804 2314 percellat,
834 2224 1000 2304 delectet,
1027 2231 1174 2303 terreat,
1202 2221 1257 2291 fus
1285 2220 1433 2294 omnino
1457 2244 1535 2293 esse

479 2335 654 2408 ducimus.
706 2338 849 2430 Quippe
871 2340 940 2410 hoc
963 2346 1139 2429 apparatu
1159 2334 1338 2419 sicareut,
1354 2346 1438 2407 runt
1453 2359 1535 2428 pro-

478 2450 670 2541 pemodum
690 2474 746 2521 urs
763 2451 851 2543 ipsa,
868 2462 966 2523 certe
982 2451 1119 2543 optimu
1134 2474 1288 2545 quaeque
1303 2450 1392 2522 artis
1407 2473 1536 2521 monu-

479 2574 602 2635 menta
619 2575 728 2636 ruant
744 2588 887 2637 necesse
904 2577 969 2638 est.
1020 2564 1094 2636 Sed
1118 2566 1164 2636 de
1189 2566 1246 2637 his
1270 2577 1309 2638 et
1328 2566 1533 2660 hujusmodi

479 2680 596 2763 rebus,
625 2703 782 2774 quonam
814 2680 950 2753 scilicet
977 2683 1062 2775 jure
1090 2691 1293 2767 teneantur,
1322 2682 1468 2776 quando
1495 2693 1535 2753 et

480 2807 657 2891 quatenus
674 2796 719 2868 iis
735 2797 790 2869 uti
807 2807 926 2890 poetae
948 2797 1067 2882 liceat,
1083 2798 1231 2869 ulterius
1253 2798 1323 2870 erit
1338 2799 1408 2869 loci
1430 2822 1536 2869 occu·

480 2924 558 2984 rate
587 2911 791 3007 disputem
827 2912 997 3006 quoniam
1024 2912 1177 3005 quaestio
1205 2913 1321 2984 omnis
1349 2915 1535 3005 voluptate

481 3028 542 3099 illa
558 3031 665 3121 plane
682 3028 887 3101 continetur
899 3051 982 3121 quae
994 3027 1030 3098 in
1049 3028 1249 3120 phautnsiae
1266 3028 1343 3101 sive
1359 3027 1536 3123 imagina-

482 3145 589 3216 tionis
606 3146 642 3214 vi
659 3145 815 3238 ponitur.

533 3261 676 3332 Interea
702 3261 798 3353 apud
816 3269 954 3332 veteres
969 3268 1093 3352 poetas
1110 3280 1182 3329 non
1200 3258 1395 3330 admodum
1410 3261 1480 3330 hoc
1495 3259 1535 3330 in

481 3395 612 3466 genere
641 3375 781 3463 peccari
811 3374 925 3445 video.
977 3374 1138 3446 Homero
1167 3384 1264 3446 certe
1290 3373 1379 3446 vitio
1407 3375 1536 3446 datum

483 3498 549 3571 est,
569 3487 730 3558 Deorum
754 3487 943 3583 dignitatis
967 3513 1051 3560 eum
1075 3488 1322 3561 immemorem
1347 3489 1456 3560 fuisse
1481 3489 1539 3560 in-

482 3602 637 3687 terdum,
647 3625 729 3672 cum
743 3623 866 3673 eorum
884 3603 1081 3676 ministerio
1098 3614 1223 3677 utatur
1238 3616 1369 3698 praeter
1385 3603 1538 3678 necessi·

484 3729 608 3802 tutem,
634 3728 671 3790 et
696 3741 752 3789 res
782 3718 914 3790 nullius
940 3721 1113 3792 momenti
1140 3732 1244 3794 tanta
1268 3746 1336 3814 ope
1362 3721 1537 3815 perficiat.

484 3837 602 3919 Qum
622 3857 705 3905 vero
730 3835 871 3926 culpam
897 3834 934 3906 in
957 3837 1213 3909 recentioribus
1235 3837 1450 3930 quibusdam
1472 3861 1538 3909 no·

485 3963 562 4024 ture
588 3949 682 4036 licet,
703 3952 770 4022 hac
795 3949 855 4024 ille
881 3951 1028 4023 omnino
1045 3962 1160 4037 vacet,
1183 3975 1314 4048 nempe
1336 3963 1378 4026 ut
1403 3955 1537 4029 fabule
