<?xml version="1.0" encoding="UTF-8"?>
<!DOCTYPE html PUBLIC "-//W3C//DTD XHTML 1.0 Transitional//EN"
    "http://www.w3.org/TR/xhtml1/DTD/xhtml1-transitional.dtd">
<html xmlns="http://www.w3.org/1999/xhtml" xml:lang="en" lang="en">
 <head>
  <title>
</title>
<meta http-equiv="Content-Type" content="text/html;charset=utf-8" />
  <meta name='ocr-system' content='tesseract 3.04.00' />
  <meta name='ocr-capabilities' content='ocr_page ocr_carea ocr_par ocr_line ocrx_word'/>
</head>
<body>
  <div class='ocr_page' id='page_1' title='image "./praelectionesac00coplgoog/praelectionesac00coplgoog_0183.png"; bbox 0 0 3559 5575; ppageno 0'>
   <div class='ocr_carea' id='block_1_1' title="bbox 474 110 1532 181">
    <p class='ocr_par' dir='ltr' id='par_1_1' title="bbox 474 110 1532 181">
     <span class='ocr_line' id='line_1_1' title="bbox 474 110 1532 181; baseline -0.003 0"><span class='ocrx_word' id='word_1_1' title='bbox 474 112 539 181; x_wconf 85' lang='grc'><strong>168</strong></span> <span class='ocrx_word' id='word_1_2' title='bbox 842 110 965 177; x_wconf 83' lang='lat' dir='ltr'><strong>PARS</strong></span> <span class='ocrx_word' id='word_1_3' title='bbox 988 110 1151 175; x_wconf 85' lang='lat' dir='ltr'><strong>PRIMA</strong></span> <span class='ocrx_word' id='word_1_4' title='bbox 1310 110 1423 177; x_wconf 77' lang='lat' dir='ltr'><strong>Pur..</strong></span> <span class='ocrx_word' id='word_1_5' title='bbox 1440 111 1532 177; x_wconf 84' lang='lat' dir='ltr'>XII.</span> 
     </span>
    </p>
   </div>
   <div class='ocr_carea' id='block_1_2' title="bbox 472 282 1534 379">
    <p class='ocr_par' dir='ltr' id='par_1_2' title="bbox 472 282 1534 379">
     <span class='ocr_line' id='line_1_2' title="bbox 472 282 1534 379; baseline -0.004 -19"><span class='ocrx_word' id='word_1_6' title='bbox 472 285 681 369; x_wconf 81' lang='lat' dir='ltr'><strong>levissimos,</strong></span> <span class='ocrx_word' id='word_1_7' title='bbox 710 294 749 357; x_wconf 90' lang='lat' dir='ltr'><strong>et</strong></span> <span class='ocrx_word' id='word_1_8' title='bbox 780 283 937 377; x_wconf 86' lang='lat' dir='ltr'><strong>corporis</strong></span> <span class='ocrx_word' id='word_1_9' title='bbox 970 283 1114 377; x_wconf 90' lang='lat' dir='ltr'><strong>orisque</strong></span> <span class='ocrx_word' id='word_1_10' title='bbox 1143 282 1289 355; x_wconf 77' lang='lat' dir='ltr'><strong>habitus</strong></span> <span class='ocrx_word' id='word_1_11' title='bbox 1322 282 1534 379; x_wconf 73' lang='lat' dir='ltr'><strong>singulatim</strong></span> 
     </span>
    </p>
   </div>
   <div class='ocr_carea' id='block_1_3' title="bbox 372 400 1536 495">
    <p class='ocr_par' dir='ltr' id='par_1_3' title="bbox 372 400 1536 495">
     <span class='ocr_line' id='line_1_3' title="bbox 372 400 1536 495; baseline -0.002 -21"><span class='ocrx_word' id='word_1_12' title='bbox 372 436 374 439; x_wconf 96' lang='lat'>·</span> <span class='ocrx_word' id='word_1_13' title='bbox 472 403 594 476; x_wconf 91' lang='lat' dir='ltr'><strong>animo</strong></span> <span class='ocrx_word' id='word_1_14' title='bbox 610 420 887 495; x_wconf 77' lang='lat' dir='ltr'><strong>persequamur3</strong></span> <span class='ocrx_word' id='word_1_15' title='bbox 913 409 956 471; x_wconf 93' lang='lat' dir='ltr'><strong>ut</strong></span> <span class='ocrx_word' id='word_1_16' title='bbox 973 400 1145 494; x_wconf 88' lang='lat' dir='ltr'><strong>quicquid</strong></span> <span class='ocrx_word' id='word_1_17' title='bbox 1161 400 1244 471; x_wconf 91' lang='lat' dir='ltr'><strong>boni</strong></span> <span class='ocrx_word' id='word_1_18' title='bbox 1261 400 1384 484; x_wconf 84' lang='lat' dir='ltr'><strong>fuerit,</strong></span> <span class='ocrx_word' id='word_1_19' title='bbox 1399 400 1440 471; x_wconf 94' lang='lat' dir='ltr'><strong>id</strong></span> <span class='ocrx_word' id='word_1_20' title='bbox 1455 402 1536 472; x_wconf 88' lang='lat' dir='ltr'><strong>lau·</strong></span> 
     </span>
    </p>
   </div>
   <div class='ocr_carea' id='block_1_4' title="bbox 473 514 1536 1307">
    <p class='ocr_par' dir='ltr' id='par_1_4' title="bbox 473 514 1536 1307">
     <span class='ocr_line' id='line_1_4' title="bbox 473 514 1535 608; baseline -0.002 -19"><span class='ocrx_word' id='word_1_21' title='bbox 473 518 578 589; x_wconf 87' lang='lat' dir='ltr'><strong>dibus</strong></span> <span class='ocrx_word' id='word_1_22' title='bbox 601 516 647 587; x_wconf 89' lang='lat' dir='ltr'><strong>ad</strong></span> <span class='ocrx_word' id='word_1_23' title='bbox 670 516 800 588; x_wconf 90' lang='lat' dir='ltr'><strong>coelum</strong></span> <span class='ocrx_word' id='word_1_24' title='bbox 821 515 1032 596; x_wconf 85' lang='lat' dir='ltr'><strong>efferamus;</strong></span> <span class='ocrx_word' id='word_1_25' title='bbox 1059 524 1099 585; x_wconf 90' lang='lat' dir='ltr'><strong>ut</strong></span> <span class='ocrx_word' id='word_1_26' title='bbox 1117 537 1201 608; x_wconf 85' lang='lat' dir='ltr'><strong>quae</strong></span> <span class='ocrx_word' id='word_1_27' title='bbox 1218 514 1340 598; x_wconf 89' lang='lat' dir='ltr'><strong>medii,</strong></span> <span class='ocrx_word' id='word_1_28' title='bbox 1357 526 1401 587; x_wconf 90' lang='lat' dir='ltr'><strong>ut</strong></span> <span class='ocrx_word' id='word_1_29' title='bbox 1417 515 1535 604; x_wconf 89' lang='lat' dir='ltr'><strong>aiunt,</strong></span> 
     </span>
     <span class='ocr_line' id='line_1_5' title="bbox 474 629 1534 726; baseline -0.002 -22"><span class='ocrx_word' id='word_1_30' title='bbox 474 633 547 705; x_wconf 89' lang='lat' dir='ltr'><strong>sint</strong></span> <span class='ocrx_word' id='word_1_31' title='bbox 566 630 718 726; x_wconf 81' lang='lat' dir='ltr'><strong>generis,</strong></span> <span class='ocrx_word' id='word_1_32' title='bbox 741 640 779 701; x_wconf 93' lang='lat' dir='ltr'><strong>et</strong></span> <span class='ocrx_word' id='word_1_33' title='bbox 800 629 840 701; x_wconf 92' lang='lat' dir='ltr'><strong>in</strong></span> <span class='ocrx_word' id='word_1_34' title='bbox 866 640 1034 702; x_wconf 80' lang='lat' dir='ltr'><strong>neutram</strong></span> <span class='ocrx_word' id='word_1_35' title='bbox 1059 640 1201 722; x_wconf 88' lang='lat' dir='ltr'><strong>partem</strong></span> <span class='ocrx_word' id='word_1_36' title='bbox 1226 630 1446 724; x_wconf 84' lang='lat' dir='ltr'><strong>accipienda,</strong></span> <span class='ocrx_word' id='word_1_37' title='bbox 1468 655 1534 724; x_wconf 90' lang='lat' dir='ltr'><strong>pro</strong></span> 
     </span>
     <span class='ocr_line' id='line_1_6' title="bbox 473 746 1536 841; baseline 0.001 -24"><span class='ocrx_word' id='word_1_38' title='bbox 473 747 668 819; x_wconf 85' lang='lat' dir='ltr'><strong>virtutibus</strong></span> <span class='ocrx_word' id='word_1_39' title='bbox 693 746 902 832; x_wconf 87' lang='lat' dir='ltr'><strong>babeamus,</strong></span> <span class='ocrx_word' id='word_1_40' title='bbox 918 768 1033 838; x_wconf 87' lang='lat' dir='ltr'><strong>eaque</strong></span> <span class='ocrx_word' id='word_1_41' title='bbox 1052 768 1126 815; x_wconf 92' lang='lat' dir='ltr'><strong>non</strong></span> <span class='ocrx_word' id='word_1_42' title='bbox 1143 746 1221 818; x_wconf 83' lang='lat' dir='ltr'><strong>sine</strong></span> <span class='ocrx_word' id='word_1_43' title='bbox 1238 770 1359 818; x_wconf 87' lang='lat' dir='ltr'><strong>amore</strong></span> <span class='ocrx_word' id='word_1_44' title='bbox 1375 748 1536 841; x_wconf 82' lang='lat' dir='ltr'><strong>quodam</strong></span> 
     </span>
     <span class='ocr_line' id='line_1_7' title="bbox 474 860 1534 958; baseline 0 -23"><span class='ocrx_word' id='word_1_45' title='bbox 474 874 512 935; x_wconf 93' lang='lat' dir='ltr'><strong>et</strong></span> <span class='ocrx_word' id='word_1_46' title='bbox 530 862 767 935; x_wconf 77' lang='lat' dir='ltr'>admiratione</span> <span class='ocrx_word' id='word_1_47' title='bbox 791 861 1011 933; x_wconf 89' lang='lat' dir='ltr'><strong>intueamur.</strong></span> <span class='ocrx_word' id='word_1_48' title='bbox 1062 860 1300 955; x_wconf 83' lang='lat' dir='ltr'><strong>Exquisitum</strong></span> <span class='ocrx_word' id='word_1_49' title='bbox 1326 862 1534 958; x_wconf 88' lang='lat' dir='ltr'><strong>hujusmodi</strong></span> 
     </span>
     <span class='ocr_line' id='line_1_8' title="bbox 474 976 1535 1070; baseline -0.002 -19"><span class='ocrx_word' id='word_1_50' title='bbox 474 990 530 1051; x_wconf 87' lang='lat' dir='ltr'><strong>est</strong></span> <span class='ocrx_word' id='word_1_51' title='bbox 545 976 640 1049; x_wconf 89' lang='lat' dir='ltr'><strong>illud</strong></span> <span class='ocrx_word' id='word_1_52' title='bbox 656 976 876 1070; x_wconf 86' lang='lat' dir='ltr'><strong>Hypsipyles</strong></span> <span class='ocrx_word' id='word_1_53' title='bbox 892 977 931 1047; x_wconf 86' lang='lat' dir='ltr'><strong>in</strong></span> <span class='ocrx_word' id='word_1_54' title='bbox 949 976 1137 1049; x_wconf 81' lang='lat' dir='ltr'><strong>Thebaide</strong></span> <span class='ocrx_word' id='word_1_55' title='bbox 1152 1001 1260 1070; x_wconf 88' lang='lat' dir='ltr'><strong>super</strong></span> <span class='ocrx_word' id='word_1_56' title='bbox 1278 978 1394 1049; x_wconf 84' lang='lat' dir='ltr'><strong>filium</strong></span> <span class='ocrx_word' id='word_1_57' title='bbox 1416 978 1535 1049; x_wconf 84' lang='lat' dir='ltr'><strong>infan-</strong></span> 
     </span>
     <span class='ocr_line' id='line_1_9' title="bbox 475 1092 1534 1185; baseline 0 -18"><span class='ocrx_word' id='word_1_58' title='bbox 475 1106 562 1179; x_wconf 84' lang='lat' dir='ltr'><strong>tem,</strong></span> <span class='ocrx_word' id='word_1_59' title='bbox 578 1116 617 1165; x_wconf 86' lang='lat' dir='ltr'><strong>se</strong></span> <span class='ocrx_word' id='word_1_60' title='bbox 635 1094 782 1165; x_wconf 83' lang='lat' dir='ltr'><strong>absente</strong></span> <span class='ocrx_word' id='word_1_61' title='bbox 800 1092 974 1185; x_wconf 83' lang='lat' dir='ltr'><strong>serpentis</strong></span> <span class='ocrx_word' id='word_1_62' title='bbox 992 1115 1112 1163; x_wconf 91' lang='lat' dir='ltr'><strong>morsu</strong></span> <span class='ocrx_word' id='word_1_63' title='bbox 1132 1092 1374 1167; x_wconf 85' lang='lat' dir='ltr'><strong>interfectum.</strong></span> <span class='ocrx_word' id='word_1_64' title='bbox 1426 1094 1534 1177; x_wconf 76' lang='lat' dir='ltr'><strong>erod</strong></span> 
     </span>
     <span class='ocr_line' id='line_1_10' title="bbox 476 1207 1534 1307; baseline 0.004 -28"><span class='ocrx_word' id='word_1_65' title='bbox 476 1233 559 1280; x_wconf 91' lang='lat' dir='ltr'><strong>cum</strong></span> <span class='ocrx_word' id='word_1_66' title='bbox 585 1207 721 1282; x_wconf 89' lang='lat' dir='ltr'><strong>deliciis</strong></span> <span class='ocrx_word' id='word_1_67' title='bbox 747 1207 853 1280; x_wconf 86' lang='lat' dir='ltr'><strong>alieni</strong></span> <span class='ocrx_word' id='word_1_68' title='bbox 878 1207 1020 1307; x_wconf 82' lang='lat' dir='ltr'><strong>generis</strong></span> <span class='ocrx_word' id='word_1_69' title='bbox 1043 1209 1214 1292; x_wconf 81' lang='lat' dir='ltr'><strong>abundet,</strong></span> <span class='ocrx_word' id='word_1_70' title='bbox 1231 1220 1312 1281; x_wconf 93' lang='lat' dir='ltr'><strong>tum</strong></span> <span class='ocrx_word' id='word_1_71' title='bbox 1334 1210 1446 1282; x_wconf 81' lang='lat' dir='ltr'><strong>etiam</strong></span> <span class='ocrx_word' id='word_1_72' title='bbox 1468 1213 1534 1283; x_wconf 93' lang='lat' dir='ltr'><strong>bos</strong></span> 
     </span>
    </p>
   </div>
   <div class='ocr_carea' id='block_1_5' title="bbox 476 1324 1534 1533">
    <p class='ocr_par' dir='ltr' id='par_1_5' title="bbox 476 1324 1534 1533">
     <span class='ocr_line' id='line_1_11' title="bbox 476 1324 1534 1421; baseline 0.007 -26"><span class='ocrx_word' id='word_1_73' title='bbox 476 1325 629 1416; x_wconf 84' lang='lat' dir='ltr'><strong>pectoris</strong></span> <span class='ocrx_word' id='word_1_74' title='bbox 646 1335 764 1397; x_wconf 87' lang='lat' dir='ltr'><strong>motus</strong></span> <span class='ocrx_word' id='word_1_75' title='bbox 781 1334 886 1399; x_wconf 83' lang='lat' dir='ltr'><strong>tanta</strong></span> <span class='ocrx_word' id='word_1_76' title='bbox 901 1324 972 1396; x_wconf 87' lang='lat' dir='ltr'><strong>fide</strong></span> <span class='ocrx_word' id='word_1_77' title='bbox 984 1324 1205 1421; x_wconf 80' lang='lat' dir='ltr'><strong>exsequitur,</strong></span> <span class='ocrx_word' id='word_1_78' title='bbox 1218 1336 1261 1399; x_wconf 91' lang='lat' dir='ltr'><strong>ut</strong></span> <span class='ocrx_word' id='word_1_79' title='bbox 1272 1335 1393 1398; x_wconf 91' lang='lat' dir='ltr'><strong>totum</strong></span> <span class='ocrx_word' id='word_1_80' title='bbox 1404 1325 1534 1402; x_wconf 85' lang='lat' dir='ltr'><strong>auditu</strong></span> 
     </span>
     <span class='ocr_line' id='line_1_12' title="bbox 477 1438 888 1533; baseline 0.007 -24"><span class='ocrx_word' id='word_1_81' title='bbox 477 1438 628 1533; x_wconf 85' lang='lat' dir='ltr'><strong>dignum</strong></span> <span class='ocrx_word' id='word_1_82' title='bbox 639 1438 888 1533; x_wconf 77' lang='lat' dir='ltr'><strong>judicaverim.</strong></span> 
     </span>
    </p>
   </div>
   <div class='ocr_carea' id='block_1_6' title="bbox 563 1618 1505 3426">
    <p class='ocr_par' dir='ltr' id='par_1_6' title="bbox 563 1618 1444 2939">
     <span class='ocr_line' id='line_1_13' title="bbox 564 1618 1230 1713; baseline 0.006 -27"><span class='ocrx_word' id='word_1_83' title='bbox 564 1621 595 1686; x_wconf 94' lang='lat'>0</span> <span class='ocrx_word' id='word_1_84' title='bbox 609 1618 686 1685; x_wconf 91' lang='lat' dir='ltr'><strong>mihi</strong></span> <span class='ocrx_word' id='word_1_85' title='bbox 700 1619 832 1687; x_wconf 71' lang='lat' dir='ltr'><strong>desertae</strong></span> <span class='ocrx_word' id='word_1_86' title='bbox 845 1636 994 1689; x_wconf 90' lang='lat' dir='ltr'><strong>natorum</strong></span> <span class='ocrx_word' id='word_1_87' title='bbox 1008 1624 1111 1691; x_wconf 92' lang='lat' dir='ltr'><strong>dulcis</strong></span> <span class='ocrx_word' id='word_1_88' title='bbox 1123 1625 1230 1713; x_wconf 84' lang='lat' dir='ltr'><strong>imago</strong></span> 
     </span>
     <span class='ocr_line' id='line_1_14' title="bbox 563 1719 1444 1817; baseline 0.005 -28"><span class='ocrx_word' id='word_1_89' title='bbox 563 1719 776 1789; x_wconf 75' lang='lat' dir='ltr'><strong>Archemoro:</strong></span> <span class='ocrx_word' id='word_1_90' title='bbox 799 1747 820 1791; x_wconf 89' lang='lat' dir='ltr'><strong>o</strong></span> <span class='ocrx_word' id='word_1_91' title='bbox 834 1746 941 1791; x_wconf 90' lang='lat' dir='ltr'><strong>rerum</strong></span> <span class='ocrx_word' id='word_1_92' title='bbox 956 1742 989 1793; x_wconf 91' lang='lat' dir='ltr'><strong>et</strong></span> <span class='ocrx_word' id='word_1_93' title='bbox 998 1727 1110 1816; x_wconf 75' lang='lat' dir='ltr'><strong>patriae</strong></span> <span class='ocrx_word' id='word_1_94' title='bbox 1124 1727 1261 1794; x_wconf 86' lang='lat' dir='ltr'><strong>solamen</strong></span> <span class='ocrx_word' id='word_1_95' title='bbox 1275 1728 1444 1817; x_wconf 72' lang='lat' dir='ltr'><strong>ademptae,</strong></span> 
     </span>
     <span class='ocr_line' id='line_1_15' title="bbox 566 1824 1352 1918; baseline 0.009 -29"><span class='ocrx_word' id='word_1_96' title='bbox 566 1824 754 1911; x_wconf 87' lang='lat' dir='ltr'><strong>Servitiique</strong></span> <span class='ocrx_word' id='word_1_97' title='bbox 768 1825 875 1909; x_wconf 84' lang='lat' dir='ltr'><strong>decus,</strong></span> <span class='ocrx_word' id='word_1_98' title='bbox 889 1828 946 1915; x_wconf 89' lang='lat' dir='ltr'><strong>qui</strong></span> <span class='ocrx_word' id='word_1_99' title='bbox 962 1842 1004 1909; x_wconf 87' lang='lat' dir='ltr'><strong>te,</strong></span> <span class='ocrx_word' id='word_1_100' title='bbox 1020 1852 1091 1894; x_wconf 84' lang='lat' dir='ltr'><strong>mea</strong></span> <span class='ocrx_word' id='word_1_101' title='bbox 1103 1829 1233 1918; x_wconf 79' lang='lat' dir='ltr'><strong>gaudia,</strong></span> <span class='ocrx_word' id='word_1_102' title='bbox 1247 1844 1352 1896; x_wconf 82' lang='lat' dir='ltr'><strong>sontes</strong></span> 
     </span>
     <span class='ocr_line' id='line_1_16' title="bbox 565 1926 1366 2020; baseline 0.006 -30"><span class='ocrx_word' id='word_1_103' title='bbox 565 1926 756 1991; x_wconf 84' lang='lat' dir='ltr'><strong>Exstinxere</strong></span> <span class='ocrx_word' id='word_1_104' title='bbox 770 1928 856 1993; x_wconf 81' lang='lat' dir='ltr'><strong>Dei?</strong></span> <span class='ocrx_word' id='word_1_105' title='bbox 880 1929 976 1995; x_wconf 95' lang='lat' dir='ltr'><strong>modo</strong></span> <span class='ocrx_word' id='word_1_106' title='bbox 989 1954 1084 2019; x_wconf 90' lang='lat' dir='ltr'><strong>quem</strong></span> <span class='ocrx_word' id='word_1_107' title='bbox 1099 1932 1240 2020; x_wconf 80' lang='lat' dir='ltr'><strong>digressa</strong></span> <span class='ocrx_word' id='word_1_108' title='bbox 1252 1931 1366 2018; x_wconf 85' lang='lat' dir='ltr'><strong>reliqui</strong></span> 
     </span>
     <span class='ocr_line' id='line_1_17' title="bbox 565 2029 1366 2123; baseline 0.009 -30"><span class='ocrx_word' id='word_1_109' title='bbox 565 2029 747 2110; x_wconf 86' lang='lat' dir='ltr'><strong>Lascivum,</strong></span> <span class='ocrx_word' id='word_1_110' title='bbox 762 2044 795 2097; x_wconf 84' lang='lat' dir='ltr'><strong>et</strong></span> <span class='ocrx_word' id='word_1_111' title='bbox 808 2054 910 2120; x_wconf 91' lang='lat' dir='ltr'><strong>prono</strong></span> <span class='ocrx_word' id='word_1_112' title='bbox 923 2048 1090 2099; x_wconf 84' lang='lat' dir='ltr'><strong>vexantem</strong></span> <span class='ocrx_word' id='word_1_113' title='bbox 1104 2035 1248 2123; x_wconf 81' lang='lat' dir='ltr'><strong>gramina</strong></span> <span class='ocrx_word' id='word_1_114' title='bbox 1260 2058 1366 2100; x_wconf 87' lang='lat' dir='ltr'><strong>cursu.</strong></span> 
     </span>
     <span class='ocr_line' id='line_1_18' title="bbox 566 2120 1334 2226; baseline 0.01 -29"><span class='ocrx_word' id='word_1_115' title='bbox 566 2133 643 2209; x_wconf 86' lang='lat' dir='ltr'><strong>Heu</strong></span> <span class='ocrx_word' id='word_1_116' title='bbox 656 2138 663 2201; x_wconf 86' lang='lat' dir='ltr'><strong>l</strong></span> <span class='ocrx_word' id='word_1_117' title='bbox 687 2133 744 2199; x_wconf 90' lang='lat' dir='ltr'><strong>ubi</strong></span> <span class='ocrx_word' id='word_1_118' title='bbox 759 2120 870 2201; x_wconf 78' lang='lat' dir='ltr'><strong>siderei</strong></span> <span class='ocrx_word' id='word_1_119' title='bbox 885 2134 1016 2202; x_wconf 82' lang='lat' dir='ltr'><strong>vultus?</strong></span> <span class='ocrx_word' id='word_1_120' title='bbox 1039 2138 1095 2203; x_wconf 77' lang='lat' dir='ltr'><strong>udi</strong></span> <span class='ocrx_word' id='word_1_121' title='bbox 1110 2140 1207 2203; x_wconf 64' lang='lat' dir='ltr'><strong>vobo</strong></span> <span class='ocrx_word' id='word_1_122' title='bbox 1220 2138 1334 2226; x_wconf 68' lang='lat' dir='ltr'><strong>ligulis</strong></span> 
     </span>
     <span class='ocr_line' id='line_1_19' title="bbox 566 2235 1368 2325; baseline 0.006 -26"><span class='ocrx_word' id='word_1_123' title='bbox 566 2235 759 2321; x_wconf 64' lang='lat' dir='ltr'><strong>Impeffecta</strong></span> <span class='ocrx_word' id='word_1_124' title='bbox 773 2238 885 2302; x_wconf 73' lang='lat' dir='ltr'><strong>sonis?</strong></span> <span class='ocrx_word' id='word_1_125' title='bbox 907 2237 1063 2325; x_wconf 81' lang='lat' dir='ltr'><strong>risusque,</strong></span> <span class='ocrx_word' id='word_1_126' title='bbox 1078 2251 1111 2303; x_wconf 90' lang='lat' dir='ltr'><strong>et</strong></span> <span class='ocrx_word' id='word_1_127' title='bbox 1124 2262 1294 2305; x_wconf 79' lang='lat' dir='ltr'><strong>mumura</strong></span> <span class='ocrx_word' id='word_1_128' title='bbox 1306 2238 1368 2304; x_wconf 81' lang='lat' dir='ltr'><strong>coli</strong></span> 
     </span>
     <span class='ocr_line' id='line_1_20' title="bbox 565 2335 1390 2427; baseline 0.005 -28"><span class='ocrx_word' id='word_1_129' title='bbox 565 2335 729 2401; x_wconf 77' lang='lat' dir='ltr'><strong>Intellecta</strong></span> <span class='ocrx_word' id='word_1_130' title='bbox 743 2338 847 2403; x_wconf 79' lang='lat' dir='ltr'><strong>mibi?</strong></span> <span class='ocrx_word' id='word_1_131' title='bbox 869 2339 993 2425; x_wconf 86' lang='lat' dir='ltr'><strong>quoties</strong></span> <span class='ocrx_word' id='word_1_132' title='bbox 1008 2339 1067 2405; x_wconf 89' lang='lat' dir='ltr'><strong>tibi</strong></span> <span class='ocrx_word' id='word_1_133' title='bbox 1081 2338 1239 2419; x_wconf 84' lang='lat' dir='ltr'><strong>Lemnon,</strong></span> <span class='ocrx_word' id='word_1_134' title='bbox 1255 2354 1288 2407; x_wconf 88' lang='lat' dir='ltr'><strong>et</strong></span> <span class='ocrx_word' id='word_1_135' title='bbox 1301 2342 1390 2427; x_wconf 85' lang='lat' dir='ltr'><strong>Argo</strong></span> 
     </span>
     <span class='ocr_line' id='line_1_21' title="bbox 568 2436 1404 2530; baseline 0.012 -31"><span class='ocrx_word' id='word_1_136' title='bbox 568 2437 665 2500; x_wconf 77' lang='lat' dir='ltr'><strong>Sueto</strong></span> <span class='ocrx_word' id='word_1_137' title='bbox 679 2436 777 2525; x_wconf 89' lang='lat' dir='ltr'><strong>loqui,</strong></span> <span class='ocrx_word' id='word_1_138' title='bbox 793 2452 825 2504; x_wconf 90' lang='lat' dir='ltr'><strong>et</strong></span> <span class='ocrx_word' id='word_1_139' title='bbox 838 2438 934 2527; x_wconf 87' lang='lat' dir='ltr'><strong>longa</strong></span> <span class='ocrx_word' id='word_1_140' title='bbox 947 2464 1093 2507; x_wconf 89' lang='lat' dir='ltr'><strong>somnum</strong></span> <span class='ocrx_word' id='word_1_141' title='bbox 1106 2442 1239 2507; x_wconf 77' lang='lat' dir='ltr'><strong>suadem</strong></span> <span class='ocrx_word' id='word_1_142' title='bbox 1252 2442 1404 2530; x_wconf 85' lang='lat' dir='ltr'><strong>querela?</strong></span> 
     </span>
     <span class='ocr_line' id='line_1_22' title="bbox 567 2532 1409 2632; baseline 0.014 -33"><span class='ocrx_word' id='word_1_143' title='bbox 567 2534 619 2599; x_wconf 89' lang='lat' dir='ltr'><strong>Sic</strong></span> <span class='ocrx_word' id='word_1_144' title='bbox 632 2536 778 2625; x_wconf 87' lang='lat' dir='ltr'><strong>equidem</strong></span> <span class='ocrx_word' id='word_1_145' title='bbox 792 2537 899 2605; x_wconf 88' lang='lat' dir='ltr'><strong>luctus</strong></span> <span class='ocrx_word' id='word_1_146' title='bbox 912 2541 1045 2623; x_wconf 85' lang='lat' dir='ltr'><strong>solabar,</strong></span> <span class='ocrx_word' id='word_1_147' title='bbox 1060 2559 1092 2609; x_wconf 89' lang='lat' dir='ltr'><strong>et</strong></span> <span class='ocrx_word' id='word_1_148' title='bbox 1106 2545 1204 2613; x_wconf 89' lang='lat' dir='ltr'><strong>ubera</strong></span> <span class='ocrx_word' id='word_1_149' title='bbox 1218 2532 1318 2632; x_wconf 65' lang='lat' dir='ltr'><strong>paruo</strong></span> <span class='ocrx_word' id='word_1_150' title='bbox 1404 2605 1409 2611; x_wconf 91' lang='lat'>.</span> 
     </span>
     <span class='ocr_line' id='line_1_23' title="bbox 566 2636 1390 2724; baseline 0.016 -25"><span class='ocrx_word' id='word_1_151' title='bbox 566 2636 590 2699; x_wconf 87' lang='lat' dir='ltr'><strong>J</strong></span> <span class='ocrx_word' id='word_1_152' title='bbox 592 2658 642 2700; x_wconf 86' lang='lat' dir='ltr'><strong>am</strong></span> <span class='ocrx_word' id='word_1_153' title='bbox 658 2654 800 2705; x_wconf 86' lang='lat' dir='ltr'><strong>materna</strong></span> <span class='ocrx_word' id='word_1_154' title='bbox 813 2640 940 2724; x_wconf 78' lang='lat' dir='ltr'><strong>dabam,</strong></span> <span class='ocrx_word' id='word_1_155' title='bbox 955 2645 1008 2711; x_wconf 89' lang='lat' dir='ltr'><strong>cui</strong></span> <span class='ocrx_word' id='word_1_156' title='bbox 1021 2668 1106 2711; x_wconf 91' lang='lat' dir='ltr'><strong>nunc</strong></span> <span class='ocrx_word' id='word_1_157' title='bbox 1122 2647 1208 2713; x_wconf 88' lang='lat' dir='ltr'><strong>venit</strong></span> <span class='ocrx_word' id='word_1_158' title='bbox 1222 2647 1330 2714; x_wconf 88' lang='lat' dir='ltr'><strong>irritus</strong></span> <span class='ocrx_word' id='word_1_159' title='bbox 1343 2646 1390 2712; x_wconf 84' lang='lat' dir='ltr'><strong>ori</strong></span> 
     </span>
     <span class='ocr_line' id='line_1_24' title="bbox 567 2736 1432 2837; baseline 0.017 -36"><span class='ocrx_word' id='word_1_160' title='bbox 567 2736 686 2820; x_wconf 76' lang='lat' dir='ltr'><strong>Lectis,</strong></span> <span class='ocrx_word' id='word_1_161' title='bbox 702 2760 734 2806; x_wconf 82' lang='lat' dir='ltr'><strong>et</strong></span> <span class='ocrx_word' id='word_1_162' title='bbox 747 2740 858 2808; x_wconf 81' lang='lat' dir='ltr'><strong>infelix</strong></span> <span class='ocrx_word' id='word_1_163' title='bbox 872 2743 906 2809; x_wconf 90' lang='lat' dir='ltr'><strong>in</strong></span> <span class='ocrx_word' id='word_1_164' title='bbox 921 2746 1054 2813; x_wconf 84' lang='lat' dir='ltr'><strong>vulnera</strong></span> <span class='ocrx_word' id='word_1_165' title='bbox 1067 2748 1201 2837; x_wconf 87' lang='lat' dir='ltr'><strong>liquitur</strong></span> <span class='ocrx_word' id='word_1_166' title='bbox 1214 2748 1325 2815; x_wconf 88' lang='lat' dir='ltr'><strong>imber.</strong></span> <span class='ocrx_word' id='word_1_167' title='bbox 1427 2747 1432 2754; x_wconf 78' lang='grc'><strong><em>’</em></strong></span> 
     </span>
     <span class='ocr_line' id='line_1_25' title="bbox 566 2839 1325 2939; baseline 0.016 -36"><span class='ocrx_word' id='word_1_168' title='bbox 566 2839 672 2906; x_wconf 84' lang='lat' dir='ltr'><strong>Nosco</strong></span> <span class='ocrx_word' id='word_1_169' title='bbox 687 2843 783 2909; x_wconf 84' lang='lat' dir='ltr'><strong>Deos.</strong></span> <span class='ocrx_word' id='word_1_170' title='bbox 827 2846 858 2911; x_wconf 94' lang='lat'>0</span> <span class='ocrx_word' id='word_1_171' title='bbox 873 2845 956 2913; x_wconf 88' lang='lat' dir='ltr'><strong>dura</strong></span> <span class='ocrx_word' id='word_1_172' title='bbox 969 2849 1030 2913; x_wconf 90' lang='lat' dir='ltr'><strong>mei</strong></span> <span class='ocrx_word' id='word_1_173' title='bbox 1045 2851 1199 2939; x_wconf 76' lang='lat' dir='ltr'><strong>praesagis</strong></span> <span class='ocrx_word' id='word_1_174' title='bbox 1212 2852 1325 2930; x_wconf 87' lang='lat' dir='ltr'><strong>somni,</strong></span> 
     </span>
    </p>

    <p class='ocr_par' dir='ltr' id='par_1_7' title="bbox 566 2942 1505 3426">
     <span class='ocr_line' id='line_1_26' title="bbox 566 2942 1505 3043; baseline 0.015 -37"><span class='ocrx_word' id='word_1_175' title='bbox 566 2942 599 3006; x_wconf 92' lang='lat' dir='ltr'>N</span> <span class='ocrx_word' id='word_1_176' title='bbox 600 2946 788 3034; x_wconf 88' lang='lat' dir='ltr'><strong>octurnique</strong></span> <span class='ocrx_word' id='word_1_177' title='bbox 801 2963 918 3030; x_wconf 89' lang='lat' dir='ltr'><strong>metus,</strong></span> <span class='ocrx_word' id='word_1_178' title='bbox 933 2965 966 3015; x_wconf 92' lang='lat' dir='ltr'><strong>et</strong></span> <span class='ocrx_word' id='word_1_179' title='bbox 979 2974 1145 3040; x_wconf 87' lang='lat' dir='ltr'><strong>nunquam</strong></span> <span class='ocrx_word' id='word_1_180' title='bbox 1157 2954 1289 3042; x_wconf 88' lang='lat' dir='ltr'><strong>impune</strong></span> <span class='ocrx_word' id='word_1_181' title='bbox 1302 2977 1362 3043; x_wconf 90' lang='lat' dir='ltr'><strong>per</strong></span> <span class='ocrx_word' id='word_1_182' title='bbox 1375 2954 1505 3020; x_wconf 77' lang='lat' dir='ltr'><strong>umbras</strong></span> 
     </span>
     <span class='ocr_line' id='line_1_27' title="bbox 566 3047 1405 3144; baseline 0.008 -30"><span class='ocrx_word' id='word_1_183' title='bbox 566 3047 724 3114; x_wconf 70' lang='lat' dir='ltr'><strong>Attonitae</strong></span> <span class='ocrx_word' id='word_1_184' title='bbox 738 3048 815 3114; x_wconf 90' lang='lat' dir='ltr'><strong>mihi</strong></span> <span class='ocrx_word' id='word_1_185' title='bbox 830 3051 897 3116; x_wconf 83' lang='lat' dir='ltr'><strong>visa</strong></span> <span class='ocrx_word' id='word_1_186' title='bbox 911 3053 1029 3118; x_wconf 85' lang='lat' dir='ltr'><strong>Venus.</strong></span> <span class='ocrx_word' id='word_1_187' title='bbox 1073 3057 1163 3134; x_wconf 84' lang='lat' dir='ltr'><strong>Quos</strong></span> <span class='ocrx_word' id='word_1_188' title='bbox 1175 3078 1278 3144; x_wconf 81' lang='lat' dir='ltr'><strong>arguo</strong></span> <span class='ocrx_word' id='word_1_189' title='bbox 1291 3057 1405 3122; x_wconf 83' lang='lat' dir='ltr'><strong>divos?</strong></span> 
     </span>
     <span class='ocr_line' id='line_1_28' title="bbox 569 3149 1405 3244; baseline 0.01 -29"><span class='ocrx_word' id='word_1_190' title='bbox 569 3149 649 3234; x_wconf 73' lang='lat' dir='ltr'><strong>Ipsa</strong></span> <span class='ocrx_word' id='word_1_191' title='bbox 663 3171 722 3238; x_wconf 83' lang='lat' dir='ltr'><strong>ego</strong></span> <span class='ocrx_word' id='word_1_192' title='bbox 738 3161 767 3215; x_wconf 88' lang='lat' dir='ltr'><strong>te</strong></span> <span class='ocrx_word' id='word_1_193' title='bbox 783 3152 876 3239; x_wconf 91' lang='lat' dir='ltr'><strong>(quid</strong></span> <span class='ocrx_word' id='word_1_194' title='bbox 891 3154 975 3218; x_wconf 88' lang='lat' dir='ltr'><strong>enim</strong></span> <span class='ocrx_word' id='word_1_195' title='bbox 990 3154 1117 3220; x_wconf 84' lang='lat' dir='ltr'><strong>timeam</strong></span> <span class='ocrx_word' id='word_1_196' title='bbox 1131 3157 1285 3222; x_wconf 86' lang='lat' dir='ltr'><strong>moritura</strong></span> <span class='ocrx_word' id='word_1_197' title='bbox 1297 3157 1405 3244; x_wconf 83' lang='lat' dir='ltr'><strong>fateri)</strong></span> 
     </span>
     <span class='ocr_line' id='line_1_29' title="bbox 567 3250 1363 3338; baseline 0.01 -22"><span class='ocrx_word' id='word_1_198' title='bbox 567 3250 821 3338; x_wconf 64' lang='lat' dir='ltr'><strong>Emporulfitia.</strong></span> <span class='ocrx_word' id='word_1_199' title='bbox 865 3257 947 3334; x_wconf 83' lang='lat' dir='ltr'><strong>Quae</strong></span> <span class='ocrx_word' id='word_1_200' title='bbox 961 3271 1098 3325; x_wconf 90' lang='lat' dir='ltr'><strong>mentem</strong></span> <span class='ocrx_word' id='word_1_201' title='bbox 1112 3258 1234 3323; x_wconf 84' lang='lat' dir='ltr'><strong>insania</strong></span> <span class='ocrx_word' id='word_1_202' title='bbox 1243 3259 1363 3325; x_wconf 83' lang='lat' dir='ltr'><strong>traxit?</strong></span> 
     </span>
     <span class='ocr_line' id='line_1_30' title="bbox 569 3351 1290 3426; baseline 0.019 -14"><span class='ocrx_word' id='word_1_203' title='bbox 569 3351 716 3416; x_wconf 85' lang='lat' dir='ltr'><strong>Tantane</strong></span> <span class='ocrx_word' id='word_1_204' title='bbox 731 3376 780 3416; x_wconf 90' lang='lat' dir='ltr'><strong>me</strong></span> <span class='ocrx_word' id='word_1_205' title='bbox 795 3368 892 3420; x_wconf 82' lang='lat' dir='ltr'><strong>tantae</strong></span> <span class='ocrx_word' id='word_1_206' title='bbox 908 3369 1037 3423; x_wconf 88' lang='lat' dir='ltr'><strong>tenuere</strong></span> <span class='ocrx_word' id='word_1_207' title='bbox 1051 3359 1169 3424; x_wconf 86' lang='lat' dir='ltr'><strong>oblivia</strong></span> <span class='ocrx_word' id='word_1_208' title='bbox 1181 3365 1290 3426; x_wconf 81' lang='lat' dir='ltr'><strong>ourae?</strong></span> 
     </span>
    </p>
   </div>
   <div class='ocr_carea' id='block_1_7' title="bbox 567 3450 1493 3634">
    <p class='ocr_par' dir='ltr' id='par_1_8' title="bbox 567 3450 1493 3634">
     <span class='ocr_line' id='line_1_31' title="bbox 567 3450 1357 3552; baseline 0.022 -40"><span class='ocrx_word' id='word_1_209' title='bbox 567 3450 657 3513; x_wconf 91' lang='lat' dir='ltr'><strong>Dum</strong></span> <span class='ocrx_word' id='word_1_210' title='bbox 672 3453 791 3537; x_wconf 85' lang='lat' dir='ltr'><strong>patrios</strong></span> <span class='ocrx_word' id='word_1_211' title='bbox 805 3477 908 3538; x_wconf 85' lang='lat' dir='ltr'><strong>casus,</strong></span> <span class='ocrx_word' id='word_1_212' title='bbox 923 3458 1082 3552; x_wconf 72' lang='lat' dir='ltr'><strong>famaeque</strong></span> <span class='ocrx_word' id='word_1_213' title='bbox 1095 3484 1207 3527; x_wconf 85' lang='lat' dir='ltr'><strong>exorsa</strong></span> <span class='ocrx_word' id='word_1_214' title='bbox 1221 3476 1357 3528; x_wconf 88' lang='lat' dir='ltr'><strong>retracto</strong></span> 
     </span>
     <span class='ocr_line' id='line_1_32' title="bbox 569 3551 1493 3634; baseline 0.011 -14"><span class='ocrx_word' id='word_1_215' title='bbox 569 3551 748 3620; x_wconf 83' lang='lat' dir='ltr'><strong>Ambitiosa</strong></span> <span class='ocrx_word' id='word_1_216' title='bbox 762 3578 849 3624; x_wconf 86' lang='lat' dir='ltr'><strong>meae.</strong></span> <span class='ocrx_word' id='word_1_217' title='bbox 1238 3567 1356 3634; x_wconf 68' lang='lat' dir='ltr'><strong>Tusa.</strong></span> <span class='ocrx_word' id='word_1_218' title='bbox 1371 3587 1405 3632; x_wconf 88' lang='lat' dir='ltr'><strong>v.</strong></span> <span class='ocrx_word' id='word_1_219' title='bbox 1418 3565 1493 3632; x_wconf 86' lang='grc'><strong>608.</strong></span> 
     </span>
    </p>
   </div>
   <div class='ocr_carea' id='block_1_8' title="bbox 482 3745 1540 4092">
    <p class='ocr_par' dir='ltr' id='par_1_9' title="bbox 482 3745 1540 4092">
     <span class='ocr_line' id='line_1_33' title="bbox 482 3745 1540 3845; baseline 0.017 -30"><span class='ocrx_word' id='word_1_220' title='bbox 482 3745 576 3818; x_wconf 82' lang='lat' dir='ltr'><strong>Sunt</strong></span> <span class='ocrx_word' id='word_1_221' title='bbox 602 3748 763 3840; x_wconf 86' lang='lat' dir='ltr'><strong>profecto</strong></span> <span class='ocrx_word' id='word_1_222' title='bbox 790 3753 945 3845; x_wconf 90' lang='lat' dir='ltr'><strong>plurima</strong></span> <span class='ocrx_word' id='word_1_223' title='bbox 973 3758 1042 3829; x_wconf 90' lang='lat' dir='ltr'><strong>boc</strong></span> <span class='ocrx_word' id='word_1_224' title='bbox 1071 3758 1150 3830; x_wconf 92' lang='lat' dir='ltr'><strong>loco</strong></span> <span class='ocrx_word' id='word_1_225' title='bbox 1178 3759 1270 3831; x_wconf 89' lang='lat' dir='ltr'><strong>bene</strong></span> <span class='ocrx_word' id='word_1_226' title='bbox 1296 3760 1344 3831; x_wconf 89' lang='lat' dir='ltr'><strong>ad</strong></span> <span class='ocrx_word' id='word_1_227' title='bbox 1370 3769 1540 3833; x_wconf 85' lang='lat' dir='ltr'><strong>naturam</strong></span> 
     </span>
     <span class='ocr_line' id='line_1_34' title="bbox 482 3866 1540 3965; baseline 0.013 -31"><span class='ocrx_word' id='word_1_228' title='bbox 482 3885 670 3955; x_wconf 81' lang='lat' dir='ltr'><strong>expressa:</strong></span> <span class='ocrx_word' id='word_1_229' title='bbox 697 3866 869 3941; x_wconf 90' lang='lat' dir='ltr'><strong>nimirum</strong></span> <span class='ocrx_word' id='word_1_230' title='bbox 895 3872 992 3965; x_wconf 91' lang='lat' dir='ltr'><strong>quod</strong></span> <span class='ocrx_word' id='word_1_231' title='bbox 1017 3873 1151 3946; x_wconf 85' lang='lat' dir='ltr'><strong>indicia</strong></span> <span class='ocrx_word' id='word_1_232' title='bbox 1180 3874 1266 3946; x_wconf 93' lang='lat' dir='ltr'><strong>olim</strong></span> <span class='ocrx_word' id='word_1_233' title='bbox 1295 3875 1412 3948; x_wconf 82' lang='lat' dir='ltr'><strong>futuri</strong></span> <span class='ocrx_word' id='word_1_234' title='bbox 1435 3874 1540 3948; x_wconf 79' lang='lat' dir='ltr'><strong>casim</strong></span> 
     </span>
     <span class='ocr_line' id='line_1_35' title="bbox 482 3977 1540 4092; baseline 0.014 -38"><span class='ocrx_word' id='word_1_235' title='bbox 482 3977 655 4058; x_wconf 85' lang='lat' dir='ltr'><strong>divinitus</strong></span> <span class='ocrx_word' id='word_1_236' title='bbox 672 3981 758 4060; x_wconf 87' lang='lat' dir='ltr'><strong>data</strong></span> <span class='ocrx_word' id='word_1_237' title='bbox 775 3985 999 4070; x_wconf 64' lang='lat' dir='ltr'><strong>meminerim</strong></span> <span class='ocrx_word' id='word_1_238' title='bbox 1017 3989 1114 4086; x_wconf 88' lang='lat' dir='ltr'><strong>quod</strong></span> <span class='ocrx_word' id='word_1_239' title='bbox 1131 3989 1540 4092; x_wconf 80' lang='lat' dir='ltr'><strong>Deommiuiquitstem</strong></span> 
     </span>
    </p>
   </div>
   <div class='ocr_carea' id='block_1_9' title="bbox 0 0 1792 5575">
    <p class='ocr_par' dir='ltr' id='par_1_10' title="bbox 0 0 1792 5575">
     <span class='ocr_line' id='line_1_36' title="bbox 0 0 1792 5575; baseline 0 0"><span class='ocrx_word' id='word_1_240' title='bbox 0 0 1792 5575; x_wconf 95' lang='lat' dir='ltr'><strong> </strong></span> 
     </span>
    </p>
   </div>
  </div>
 </body>
</html>
