3559 5575
356 79 590 144 Pam„
623 79 862 143 XVII.
1012 78 1142 142 DE
1187 77 1821 144 AFFECTIBUS.
2347 77 2475 141 227

355 251 485 345 qui
537 262 621 323 ut
655 251 1033 323 veritatem
1083 250 1314 344 ipsam
1336 309 1345 315 .
1366 261 1710 323 tueantur
1758 249 2145 343 integram,
2186 271 2299 319 res
2349 247 2475 319 ad-

351 367 599 438 ferunt
632 377 876 461 turpes
909 367 1393 461 sordidasque,
1425 377 1502 439 et
1533 368 1804 460 quake,
1837 364 1901 436 si
1931 365 2008 436 in
2043 364 2196 436 vita
2228 387 2475 435 occur-

350 493 543 566 rant,
597 483 776 555 adeo
833 507 979 555 non
1038 484 1289 555 lubens
1358 492 1640 580 spectat
1695 480 1976 576 aliquiS,
2034 491 2121 552 ut
2178 479 2471 551 fastidio

351 599 666 693 quodam
701 610 942 671 motus
977 610 1344 670 aversetur
1389 592 1650 691 potiuS,
1686 612 1761 670 et
1796 596 2299 668 misericordiae
2346 598 2470 668 ob-

352 718 757 809 temperare
808 717 1048 787 minus
1081 716 1276 787 velit.
1380 716 1582 787 Nihil
1619 716 1940 810 profecto
1973 717 2229 809 soepius
2264 715 2470 810 queri

359 834 593 903 solent
642 833 992 914 homines,
1042 855 1259 924 quam
1323 828 1624 903 affectus
1671 832 2016 926 benignos
2067 843 2143 904 et
2197 833 2471 905 miseri-

361 948 612 1018 cordes
663 970 839 1039 quos
883 947 1074 1018 inter
1121 946 1615 1039 meditandum
1663 947 2144 1038 conceperint,
2182 950 2468 1019 eosdem

360 1063 437 1133 in
492 1062 773 1158 agendo
822 1062 1149 1133 remissos
1199 1062 1395 1132 fieri:
1449 1063 1981 1156 saepissimeque
2031 1064 2136 1145 fit,
2182 1075 2266 1135 ut
2299 1088 2474 1157 quo-

355 1197 523 1248 rum
588 1186 867 1247 mentes
928 1175 1148 1248 tacita
1204 1179 1340 1247 hac
1386 1178 1754 1270 voluptate
1805 1177 2331 1268 perfundantur
2380 1204 2474 1252 ex

355 1292 542 1364 fictis
610 1291 1059 1385 narratisque
1124 1291 1485 1362 doloribus
1553 1303 1749 1376 nata,
1810 1294 2100 1385 quando
2167 1295 2261 1366 ad
2319 1319 2470 1367 rem

356 1419 656 1480 ventum
705 1409 797 1480 sit
833 1418 908 1479 et
943 1408 1017 1479 in
1054 1431 1345 1479 arenam
1384 1408 1581 1492 vitae,
1619 1418 1701 1479 ut
1734 1407 1841 1480 ita
1887 1409 2146 1492 dicam,
2182 1411 2474 1485 descen-

357 1525 597 1608 datur,
650 1548 694 1594 a
747 1526 1071 1617 squalore
1124 1535 1199 1596 et
1258 1524 1584 1596 sordibus
1640 1526 2084 1618 paupertatis
2143 1527 2472 1619 protinus

356 1640 745 1737 refugiant.
814 1641 1052 1724 Quod,
1085 1665 1252 1712 cum
1285 1641 1362 1712 in
1398 1641 1712 1713 moribus
1745 1642 2277 1715 conformandis
2311 1668 2475 1739 gra·
2502 1622 2525 1634 ⁸

357 1757 635 1829 vissimi
684 1758 1026 1850 praecepti
1078 1757 1224 1827 vim
1274 1760 1514 1841 habet,
1565 1781 1658 1829 ne
1709 1782 1927 1838 vana,
1954 1761 2475 1833 benevolentiae

361 1874 598 1965 specie
644 1873 999 1960 fallamur,
1033 1883 1192 1943 tum
1227 1872 1493 1968 insigni
1526 1897 1812 1967 quoque
1846 1874 1923 1943 in
1971 1875 2247 1945 artibus
2292 1887 2480 1949 trac-

364 1988 613 2060 tandis
643 1988 1073 2058 documento
1108 2011 1259 2058 esse
1293 1988 1528 2070 debet,
1561 2012 1655 2058 ne
1696 1989 1945 2059 fabula
1987 1990 2065 2059 in
2099 1991 2478 2065 veritatem

368 2104 546 2176 vitae
597 2103 810 2174 nimis
861 2103 1272 2185 descendat,
1307 2113 1523 2196 atque
1569 2126 1655 2174 ea
1700 2105 1893 2175 ultro
1939 2105 2276 2196 proferat,
2310 2131 2483 2202 quo-

368 2245 558 2305 rum,
594 2220 739 2291 sint
771 2219 944 2290 licet
987 2217 1412 2306 miseranda,
1454 2229 1532 2290 at
1577 2241 1717 2289 non
1766 2219 1908 2289 nisi
1957 2221 2121 2292 odio
2171 2224 2480 2318 quodam

358 2335 612 2411 affecti
649 2336 1091 2407 miseremur.

467 2456 635 2527 Hoc
692 2465 938 2525 autem
1005 2452 1297 2524 nomine
1362 2477 1591 2546 pauca
1657 2454 1956 2526 fortasse
2022 2456 2279 2551 aliquis
2344 2457 2479 2529 im-

361 2572 634 2645 mutari
685 2572 932 2642 mallet
980 2569 1056 2640 in
1114 2570 1516 2641 Philocteta
1568 2571 1959 2663 SophocliS,
2006 2574 2128 2644 ubi
2164 2572 2478 2645 vulneris

360 2688 806 2761 curationem
857 2688 1096 2779 paullo
1130 2686 1409 2757 fidelius
1442 2687 1865 2781 exsequitur
1900 2699 2151 2780 poeta:
2206 2703 2284 2761 at
2318 2712 2483 2782 pec-

366 2805 513 2878 cati
564 2805 887 2898 ejusdem
945 2804 1221 2895 potiore
1266 2805 1438 2898 ‘jure
1497 2805 1826 2900 arguitur
1886 2806 2296 2898 EuripideS,
2355 2805 2481 2899 qui

370 2929 745 3010 tantopere
789 2919 868 2987 in
914 2918 1170 2988 fabulis
1218 2917 1634 2988 miserrimae
1682 2921 2124 3013 abjectaeque
2170 2920 2480 2989 fortunae

371 3035 753 3107 veritatem
789 3033 1031 3118 coluit,
1058 3044 1142 3104 ut
1167 3057 1209 3103 a
1236 3033 1499 3104 criticis
1533 3033 1961 3127 quibusdam
1998 3034 2107 3103 sui
2142 3035 2483 3126 temporis

371 3145 750 3246 πτωχοποιός
792 3150 1315 3240 appellaretur.-
1395 3149 1519 3220 Ex
1574 3149 1661 3220 iis
1696 3173 1865 3219 vero
1912 3171 2074 3242 quae
2118 3173 2312 3220 nunc
2362 3174 2488 3221 ex..

371 3277 568 3339 stant
601 3265 884 3347 fabulis,
921 3265 1235 3339 maxime
1269 3265 1370 3335 sic
1406 3265 1746 3337 delictum
1796 3276 1907 3337 est
1939 3265 2014 3335 in
2053 3267 2355 3339 Hecuba
2405 3279 2480 3340 et

374 3382 816 3463 Troadibus;
888 3380 1147 3473 quibus
1212 3380 1288 3451 in
1351 3380 1673 3475 utrisque
1739 3381 2165 3454 describitur
2230 3384 2480 3479 regina

364 3498 726 3593 dignitate
778 3520 1054 3589 experS,
1106 3495 1385 3589 panni8‚
1437 3506 1520 3567 ut
1571 3496 1674 3568 ait
1725 3497 2079 3582 Comicus,
2133 3502 2477 3596 annisque

371 3615 623 3697 obsita,
658 3616 883 3701 luctu,
920 3614 1184 3696 dolore,
1220 3622 1588 3684 senectute
1638 3615 1889 3699 fracta,
1924 3617 2143 3688 etiam
2186 3640 2477 3711 corpore

369 3735 445 3807 in
483 3744 677 3805 terra
709 3732 1104 3824 provoluto.
1212 3730 1543 3802 Profecto
1579 3732 1716 3804 ista
1750 3756 1973 3829 quum
2009 3737 2194 3829 leg0‚

633 3870 915 3947 Δῦστηνος
946 3867 1060 3952 ἔγιὸ
1088 3874 1182 3946 τῆς
1209 3868 1608 3955 βαρυδαίμονος

623 3968 873 4057 Ἀρθρωύ
902 3969 1140 4049 κλίσιος,
1169 3972 1239 4044 ὥς
1268 3971 1574 4050 διάκειμαι,

1353 4081 1489 4153 Q2
