3559 5575
511 52 578 121 226
853 51 976 119 PARS
999 50 1222 122 SECUNDA
1360 54 1480 120 Pnnr..
1495 57 1577 122 XV.

512 250 597 301 vcro
618 226 739 312 hebet,
755 233 841 299 sunt
856 246 902 297 ea
920 221 1080 317 prrdooto
1097 222 1230 315 poltim
1245 222 1337 297 trita
1352 236 1392 297 et
1408 251 1576 303 commn—
1673 239 1674 302 l

510 342 584 427 nic,
601 341 732 435 partim
749 342 845 412 ultra
860 340 969 415 fidem
986 339 1200 435 prodigiosa.

560 458 586 529 J
587 478 646 529 am
657 480 741 529 vero
753 478 824 527 non
838 454 985 526 aliunde
1000 455 1233 548 quaerendem
1249 477 1327 526 esse
1344 480 1489 529 causam
1508 483 1573 530 ex-

510 572 632 645 istimo
646 596 710 643 cur
723 573 769 643 ab
782 570 970 649 Ovidinuis
981 571 1320 661 Metamorphoseon
1334 572 1446 655 libris,
1457 574 1573 645 ferme

509 711 633 761 omnes
651 697 840 780 postquam
852 686 956 779 pueri
966 710 1043 757 esse
1054 685 1238 768 desierint,
1252 687 1398 759 fastidio
1411 690 1571 782 quodam

510 803 768 875 abalienentur.
815 801 1000 872 Nimirum
1015 800 1265 897 hujuscemodi
1280 800 1421 885 fabulis,
1439 814 1571 873 utcun-
1673 811 1674 884 j

511 940 581 1013 que
598 928 774 1013 augeatur
790 916 995 1011 argumenti
1010 919 1131 988 luctus
1147 926 1186 987 et
1202 916 1357 999 miseria,
1369 941 1441 990 non
1461 920 1570 991 modo
1673 963 1674 968 κ

508 1058 581 1106 non
596 1056 793 1120 movemur,
802 1055 927 1103 verum
939 1041 977 1103 et
990 1055 1050 1103 eas
1062 1032 1222 1105 ridemus
1234 1034 1330 1103 ultro
1347 1043 1389 1104 ut
1403 1034 1570 1122 insulsas,

511 1161 575 1221 aut
591 1160 764 1244 tanquam
780 1148 918 1221 odiosas
934 1157 973 1219 et
988 1146 1216 1240 impudentes
1233 1148 1475 1239 repudiamus.

560 1266 658 1349 Quin
687 1289 735 1337 ex
760 1263 926 1356 speciosis
950 1285 1032 1356 quae
1054 1272 1230 1334 vocantur
1255 1262 1429 1354 Odysseae
1454 1263 1568 1356 ipsius

510 1380 702 1462 miraculis,
719 1378 780 1451 ubi
796 1378 916 1451 tristia
932 1378 1018 1449 satis
1035 1389 1229 1451 narrantur
1244 1377 1332 1461 fata,
1348 1401 1421 1451 non
1442 1378 1568 1451 admo-

508 1496 597 1566 dum
612 1503 735 1569 tomen
751 1493 956 1565 efficiuntur
970 1493 1163 1565 lectoribus
1182 1494 1281 1565 lenes
1303 1493 1343 1565 hi
1364 1495 1508 1567 dolores
1528 1504 1568 1565 et

510 1618 628 1680 motus
645 1608 818 1701 pectoris:
834 1630 1042 1703 quanquam
1058 1609 1179 1702 Scylla
1194 1608 1266 1681 ista
1281 1618 1319 1681 et
1332 1619 1437 1682 antm
1456 1610 1567 1701 Poly·

509 1724 632 1818 phemi
647 1725 735 1819 quid
751 1746 912 1818 unquam
928 1725 1067 1817 concipi
1083 1724 1224 1808 tetrius,
1236 1735 1301 1798 eut
1313 1724 1411 1819 quod
1428 1726 1567 1806 malum

509 1840 712 1912 hominibus
729 1840 890 1912 accidere
907 1851 1026 1932 posset
1043 1840 1240 1935 lugubn’us.

631 2000 689 2075 Ὣς
706 2000 773 2084 ol‘s
788 1996 971 2081 ἀσπαίροντες
985 1996 1107 2083 &riperto
1122 2001 1203 2085 προτὶ
1218 1998 1334 2086 τὲτρας·

638 2106 731 2166 Αὐτοῦ
745 2102 768 2163 δ’
784 2100 831 2163 clvi
847 2098 939 2186 θύρῃσι
956 2100 1087 2178 nariodus
1103 2100 1308 2186 κεκλήγοντας,

638 2207 741 2290 Χεῖρας
756 2202 816 2284 ἐμοὶ
831 2199 979 2285 ὀρέγοντας
993 2204 1021 2264 ὗν
1034 2206 1094 2289 αἰνῇ
1108 2204 1237 2279 δηϊοτῆτι.

635 2303 789 2369 Οἷκτνττον
803 2305 833 2381 δὴ
849 2306 920 2365 atrion
935 2304 1010 2382 ὄμοῒς
1022 2301 1077 2368 ἴδον
1092 2305 1260 2385 ὀφθαλμοῖσι

637 2406 770 2485 Πάντων,
786 2404 847 2469 ὅστ’
863 2402 1005 2489 ἰμίγηοοι,
1019 2404 1116 2491 πόρους
1128 2404 1197 2479 asts
1211 2401 1372 2489 ἕξορενῖνοον.

1296 2506 1364 2569 On.
1379 2508 1427 2567 Μ.
1441 2507 1517 2570 255,

507 2644 600 2726 Quae
615 2651 737 2715 tamen
755 2663 800 2712 ne
817 2640 897 2734 quis
913 2664 958 2713 ea
973 2665 1032 2713 me
1049 2651 1170 2715 mente
1186 2641 1376 2734 protulisse
1387 2651 1508 2734 putet,
1520 2654 1563 2717 ut

506 2759 544 2831 in
563 2758 617 2831 his
636 2759 776 2851 lapsum
797 2756 908 2830 fuisse
930 2780 1110 2830 summum
1132 2767 1277 2851 postam
1299 2756 1563 2853 significarem

507 2897 631 2950 verum
649 2883 691 2946 ut
708 2873 835 2946 alienae
851 2873 1033 2946 facultatis
1050 2896 1127 2945 rem
1143 2873 1203 2944 hic
1219 2873 1280 2969 agi
1296 2875 1404 2966 plane
1420 2886 1564 2947 consta·

506 3002 584 3074 ret;
617 2989 799 3087 cujusvis
827 2999 866 3062 et
892 2988 1078 3084 ingenium
1106 2999 1163 3060 est
1188 2989 1333 3082 penitus
1366 2988 1561 3064 diversum.

506 3105 648 3201 Quippe
677 3107 768 3178 illud
788 3107 867 3201 jam
893 3105 979 3176 olim
1004 3105 1223 3175 monendum
1245 3104 1346 3188 duxi,
1364 3106 1464 3177 aliud
1485 3131 1562 3180 om-

505 3221 591 3294 nino
607 3244 720 3316 genus
737 3244 812 3292 esse
829 3220 972 3292 illorum
988 3240 1071 3312 quae
1087 3218 1125 3288 in
1139 3218 1247 3290 corda
1258 3228 1296 3291 et
1309 3219 1461 3292 affectus
1474 3220 1563 3294 irre-

505 3345 609 3427 punt,
622 3336 720 3406 aliud
732 3357 803 3429 quo
820 3336 867 3406 nd
883 3335 1051 3406 sublimia
1062 3344 1099 3405 et
1110 3333 1256 3407 insolita
1270 3335 1453 3430 fingendo,
1465 3360 1561 3432 rago

503 3473 611 3522 cursu
636 3461 744 3543 atque
767 3473 885 3522 errore
909 3451 1065 3544 quodam
1084 3450 1298 3545 gratissimo,
1315 3451 1467 3524 effertur
1483 3453 1561 3526 ani·

504 3585 595 3636 mus.
638 3565 759 3647 Quare
774 3564 812 3636 in
829 3563 879 3648 id,
896 3567 1135 3660 quodcunque
1152 3565 1375 3658 praecipuum
1391 3566 1462 3638 sibi
1478 3590 1561 3660 pro·

503 3679 673 3772 posuerit,
685 3678 875 3776 diligenter
886 3681 1000 3754 aciem
1016 3681 1183 3754 intendat
1194 3682 1367 3774 scriptor:
1384 3683 1561 3768 memine-

503 3795 788 3892 ritquesemper,
805 3797 918 3871 sicubi
934 3800 999 3870 has
1015 3807 1135 3892 partos
1151 3799 1333 3891 suscipiat,
1347 3822 1397 3870 ne
1420 3809 1560 3870 temere

503 3933 654 4008 usquam
679 3913 861 3996 lasciviat3
887 3937 934 3986 ne
955 3914 1036 4006 plus
1057 3934 1164 4007 equo
1179 3912 1380 4006 phantasiae
1396 3912 1558 3986 tribuat:
