3559 5575
351 184 584 249 Pam..
615 182 914 250 XXIII.
1047 183 1178 247 DE
1223 179 1857 248 AFFECTIBUS.
2337 185 2470 252 29⁹!

357 354 662 429 virtutes
694 364 1047 448 spectant,
1079 357 1377 448 posthac
1409 355 1802 428 videndum
1837 355 2002 428 erit.
2110 354 2351 426 Hodie
2390 355 2467 425 in

353 468 443 542 iis
478 470 744 544 versari
786 471 1080 563 placuit,
1120 471 1316 541 unde
1359 471 1782 565 cogitationi
1839 470 2081 563 potius
2130 479 2485 577 suppetat⁸

353 586 711 669 materies,
746 609 964 678 quam
996 595 1359 679 praecepta
1388 586 1728 658 moribus.

455 702 838 796 Ejusmodi
906 713 1019 773 est
1077 704 1619 775 celeberrimum
1686 703 1868 775 illud
1937 701 2311 795 Euripidis
2378 702 2470 773 de

352 817 602 890 nimiae
637 817 988 890 doctrinae
1021 818 1514 889 incommodis.

531 964 659 1042 Χρὴ
689 963 731 1022 δ’
764 958 965 1039 οὔποθ’,
993 959 1142 1034 ὅστις
1172 961 1451 1048 ἀρτίφρων
1477 961 1675 1042 πέφυκ’
1705 965 1838 1044 ἀνὴρ

535 1064 760 1134 Παῖδας
791 1069 1064 1147 περισσῶς
1095 1062 1513 1124 ἐκδιδάσκεσθαι
1542 1062 1760 1144 σοφούς.

535 1163 722 1245 Χωρὶς
753 1167 870 1247 γὰρ
901 1161 1110 1241 ἄλλης,
1138 1162 1197 1239 ἧς
1230 1163 1479 1248 ἔχουσιν,
1510 1163 1738 1248 ἀργίας.

531 1263 735 1327 Φθόνον
762 1264 895 1349 πρὸς
923 1267 1114 1327 ἀστῶν
1142 1264 1454 1344 ἀλφᾶνουσι
1485 1267 1744 1346 δυσμενῆ.
1917 1258 1924 1266 ’
2004 1267 2203 1330 MED.
2236 1267 2389 1339 296.

434 1399 673 1482 ·Quod
705 1373 997 1492 quidem
1036 1411 1544 1496 argumentum
1585 1401 1936 1495 copiosius
1971 1405 2205 1477 adhuc
2238 1429 2477 1498 prose-

360 1515 611 1610 quitur
644 1537 772 1584 suo
808 1537 1005 1584 more
1039 1514 1090 1584 J
1092 1514 1434 1586 uvenaliS.

535 1651 910 1738 Eloquium,
941 1664 1053 1716 aut
1081 1651 1313 1717 famam
1343 1651 1791 1717 Demosthenis
1818 1665 1933 1717 aut
1962 1653 2283 1720 Ciceronis

539 1753 777 1840 Incipit
804 1767 1046 1841 optare,
1078 1753 1226 1818 totis
1256 1754 1762 1840 Quinquatribus
1789 1768 1991 1842 optat,

541 1854 842 1942 Quisquis
867 1855 1078 1919 adhuc
1105 1879 1239 1920 uno
1264 1870 1508 1943 partam
1537 1855 1687 1921 colit
1713 1879 1850 1921 asse
1879 1857 2263 1938 Minervam,

541 1959 746 2036 Quem
776 1957 1063 2044 sequitur
1090 1970 1302 2023 custos
1329 1971 1617 2044 angustae
1645 1957 1912 2022 vernula
1936 1982 2158 2046 capsae.

541 2059 821 2146 Eloquio
852 2061 962 2124 sed
990 2073 1261 2146 uterque
1289 2063 1454 2147 perit
1481 2075 1729 2125 orator:
1776 2073 2125 2147 utrumque

543 2162 822 2249 Largus,
854 2174 919 2225 et
948 2160 1279 2226 exundans
1306 2160 1435 2225 leto
1466 2159 1645 2225 dedit
1670 2161 1906 2247 ingenii
1938 2161 2102 2226 fons.

545 2262 815 2348 Ingenio
843 2283 1069 2326 manus
1095 2276 1213 2339 est,
1245 2274 1309 2326 et
1336 2260 1549 2326 cervix
1578 2284 1775 2336 caesa3
1826 2284 1940 2326 nec
1968 2284 2248 2349 unquam

546 2363 867 2450 Sanguine
895 2361 1222 2427 caussidici
1252 2362 1635 2428 maduerunt
1661 2377 1866 2428 rostra
1888 2363 2124 2451 pusilli.

1928 2468 1975 2530 J
1981 2486 2090 2530 nv.
2123 2466 2209 2529 X.
2241 2469 2394 2531 114.

370 2605 535 2687 Quo
589 2603 806 2674 etiam
861 2603 939 2673 in
995 2626 1259 2699 genere
1312 2612 1485 2674 sunt
1528 2627 1695 2697 quae
1745 2605 1835 2675 de
1884 2604 2128 2677 Poetis
2172 2605 2391 2676 habet
2436 2629 2482 2676 a

370 2719 734 2792 communi
768 2719 1100 2813 opinione
1133 2721 1456 2814 paullum
1489 2719 1855 2807 distantia,
1882 2743 2185 2816 eamque
2211 2722 2301 2793 ob
2325 2741 2479 2792 rem

359 2835 815 2934 jucundiora.

548 2980 709 3060 Quis
735 2980 912 3046 locus
938 2980 1229 3066 ingenim
1276 2980 1396 3046 nisi
1423 3003 1570 3046 cum
1601 3004 1669 3047 se
1693 2981 1969 3047 carmine
1998 2979 2132 3045 solo

549 3084 823 3160 vexant,
851 3097 919 3145 et
946 3081 1214 3146 dominis
1245 3080 1513 3169 Cyrrhae
1543 3084 1866 3170 Nysoeque
1895 3084 2191 3148 feruntur

547 3186 819 3249 Pectora
846 3197 1074 3261 vestra,
1106 3180 1267 3246 duas
1296 3204 1424 3245 non
1451 3181 1846 3246 admittentia
1875 3184 2104 3245 curas?

546 3288 814 3370 Magnae
843 3282 1071 3348 mentis
1098 3307 1281 3373 opus,
1312 3282 1426 3348 nec
1455 3282 1535 3346 de
1564 3280 1764 3346 lodice
1793 3282 2077 3372 paranda

551 3387 887 3466 Attonitae‚
918 3409 1165 3465 currus,
1195 3400 1260 3450 et
1289 3408 1510 3473 equ05‚
1538 3384 1854 3472 faciesque
1884 3386 2168 3450 Deorum

550 3491 922 3579 Adspicere,
953 3505 1019 3555 et
1045 3490 1253 3578 qualis
1281 3489 1602 3555 Rutulum
1631 3488 1981 3555 confundat
2008 3490 2309 3577 Erinnys.

552 3595 720 3659 Nam
748 3595 799 3659 si
828 3592 1096 3681 Virgilio
1122 3615 1306 3679 puer,
1338 3607 1402 3658 et
1432 3591 1755 3657 tolerabile
1783 3592 1947 3657 desit

553 3696 948 3784 Hospitium,
978 3695 1275 3762 caderent
1302 3718 1519 3761 omnes
1546 3718 1587 3759 a
1611 3695 1891 3760 crinibus
1918 3693 2149 3781 hydri:

557 3798 768 3864 Surda
793 3795 950 3862 nihil
975 3809 1254 3884 gemeret
1279 3820 1472 3883 grave
1502 3796 1784 3861 buccina.
1901 3797 1948 3859 J
1952 3817 2059 3859 nv,
2092 3796 2256 3861 VII.
2290 3795 2397 3863 68.

485 3933 853 4029 Insignem
879 3941 1123 4003 autem
1150 3932 1523 4024 Euripidis
1545 3932 1691 4002 vim
1716 3930 1938 4002 fuisse
1962 3930 2319 4013 existimo,
2345 3953 2487 4024 qua

381 4072 478 4120 ex
520 4047 956 4141 quotidianis
1001 4046 1214 4118 rebus
1247 4046 1501 4119 elicere
1533 4046 1806 4139 aliquid
1840 4045 2077 4138 potuit
2111 4067 2252 4115 non
2289 4043 2488 4141 vulgi
