3559 5575
246 529 359 594 Pana.
377 528 449 594 111.
569 529 635 594 DE
659 527 974 596 IMITATIONE.
1257 533 1302 598 88

246 725 347 774 mens
372 703 465 773 hanc
481 701 555 774 vim
581 727 604 774 a
629 727 734 776 sensu
753 703 848 774 vocis
874 703 922 775 ad
944 727 1072 775 sonum
1095 705 1301 777 transferat.

245 818 388 911 Quippe
404 819 456 890 ita
473 833 557 890 sunt
575 820 732 915 colligati
749 819 846 892 inter
862 843 901 892 se
917 831 1111 913 conceptus
1128 844 1172 892 ac
1187 845 1302 907 vones,

245 944 287 1005 nt
304 945 385 1006 uter
411 934 446 1005 in
472 935 592 1008 animo
610 935 707 1028 prior
723 933 906 1008 exstiterit
924 960 995 1007 non
1018 937 1124 1008 facile
1140 937 1304 1032 dignm

245 1051 367 1143 possit,
385 1060 423 1122 et
439 1051 536 1145 qnod
554 1033 629 1123 'usu
654 1062 798 1125 tantum
822 1064 878 1124 est
904 1055 1150 1147 conjunctum,
1174 1054 1214 1124 id
1240 1076 1303 1122 na·

246 1175 329 1236 tura
345 1166 491 1238 tandem
510 1178 703 1262 cognatum
721 1169 899 1239 videatur.

296 1280 454 1352 Lubrica
470 1306 556 1354 sane
571 1307 629 1354 res
645 1294 711 1366 est,
728 1294 767 1354 et
784 1307 866 1376 quae
885 1282 1033 1353 minime
1058 1285 1126 1354 hoc
1145 1284 1223 1354 loco
1239 1305 1304 1353 ex·

245 1394 377 1489 agitari
402 1395 519 1468 debet.
571 1396 699 1491 Neque
725 1421 804 1468 eam
830 1409 915 1471 ante
938 1410 1070 1469 caetera
1092 1398 1303 1468 sumendam

247 1510 443 1596 duxissem,
470 1511 540 1582 nisi
564 1512 617 1583 ⁴ita
647 1513 856 1584 invaluisset
882 1514 1004 1605 opinio
1030 1512 1230 1583 venustatis
1256 1535 1304 1584 ex

246 1627 316 1696 hoc
331 1627 432 1698 fonte
450 1627 681 1711 deducendae,
698 1638 741 1699 ut
758 1628 846 1722 quid
863 1627 911 1699 sit
926 1629 965 1698 in
983 1651 1027 1699 aa
1042 1627 1122 1699 vitii
1142 1627 1304 1721 juniores

246 1743 440 1814 admonere
465 1743 661 1826 voluerim3
688 1767 760 1836 quo
777 1743 924 1815 tandem
949 1743 1208 1836 impedimento
1226 1745 1303 1836 jam

246 1860 386 1931 sublato
412 1859 460 1932 ad
486 1860 737 1952 praestantiora
766 1860 936 1953 quaedam
966 1859 1086 1931 aditus
1115 1860 1178 1931 fiet
1203 1882 1305 1952 aper-

247 1975 328 2047 tior.

298 2093 357 2165 Ne
377 2093 517 2168 veroid
540 2107 675 2166 temere
701 2095 874 2165 damnare
899 2093 1033 2177 videar,
1050 2093 1148 2187 quod
1173 2093 1305 2163 multo-

247 2231 327 2280 rum
346 2209 561 2282 auctoritate
577 2212 840 2303 comprobatur,
857 2233 929 2280 non
951 2209 1305 2302 praetermittendum

247 2336 304 2396 ast
328 2349 441 2421 genns
463 2327 644 2420 quoddam
669 2326 883 2398 imitandis
910 2327 1090 2417 superiore
1114 2325 1177 2395 illo
1199 2327 1305 2416 piane

249 2439 442 2521 diversum,
458 2440 543 2512 licet
566 2441 611 2510 ab
628 2439 803 2530 imperitis
829 2441 1040 2530 pierumque
1065 2462 1131 2530 pro
1148 2461 1220 2508 uno
1242 2439 1307 2507 ha-

250 2553 424 2635 beantur3
447 2555 545 2646 quod
562 2577 676 2648 &nus
693 2563 837 2623 tantum
856 2555 957 2623 abest
969 2563 1011 2623 ut
1029 2551 1240 2644 vituperem,
1254 2563 1307 2636 ut,

251 2669 392 2740 sublato
417 2668 490 2755 illo,
513 2667 711 2739 maximam
737 2691 784 2738 ex
807 2667 1025 2739 carminibus
1047 2668 1201 2764 gratiam
1228 2668 1308 2740 tolli

245 2783 461 2879 judicarem.
512 2785 610 2856 Nam
627 2784 724 2879 quod
747 2783 875 2877 optimi
897 2784 1044 2879 quidam
1071 2785 1228 2858 Poeticae
1253 2785 1308 2858 rei

250 2911 487 2994 praeceptores
505 2901 697 2997 diligenter
714 2910 873 2984 monent,
892 2911 934 2971 ut
950 2926 1058 2972 sonus
1078 2912 1116 2973 et
1133 2905 1308 2997 junctura

249 3018 437 3089 verborum
457 3040 695 3111 versuumque
712 3040 836 3088 corsus
855 3018 900 3088 ad
925 3041 1045 3089 rerum
1064 3029 1230 3090 naturam
1248 3043 1308 3090 ac-

250 3135 531 3217 commodentur,
544 3136 650 3229 longe
664 3134 764 3205 aliud
780 3134 869 3204 mihi
883 3158 991 3229 agere
1002 3135 1183 3219 videntur,
1196 3159 1305 3227 quam

250 3261 292 3322 ut
307 3252 474 3346 frigidam
492 3252 600 3323 istam
613 3252 867 3323 commendent
884 3251 1157 3323 similitudinem
1175 3255 1221 3323 de
1234 3277 1307 3346 qua

251 3367 357 3437 modo
375 3366 545 3451 diximus,
563 3392 645 3460 quae
666 3368 697 3437 si
719 3390 845 3438 revera
868 3367 1130 3451 institueretur,
1147 3368 1307 3459 profecto

251 3481 341 3553 mihi
368 3481 480 3551 risum
508 3482 627 3573 potius
656 3492 816 3553 moveret
844 3504 953 3572 quam
982 3460 1166 3551 liberalem
1196 3482 1308 3552 animi

252 3595 538 3668 delectationem.
585 3594 728 3688 Quippe
745 3594 815 3665 alia
831 3596 939 3687 plane
955 3618 1012 3665 res
1029 3605 1084 3665 est
1101 3618 1205 3667 sonos
1221 3620 1308 3669 voce

252 3712 399 3796 imitari,
417 3711 486 3782 alia
504 3710 673 3782 orationis
691 3720 817 3781 tonum
835 3721 900 3781 aut
916 3720 1134 3782 structuram
1158 3712 1206 3783 ad
1229 3736 1306 3785 rem

253 3827 299 3898 de
323 3851 396 3921 qua
423 3826 605 3920 loquimur
635 3826 914 3899 accommodare.
968 3826 1064 3897 Illud
1090 3827 1128 3899 in
1155 3830 1305 3921 strepitu

206 4012 211 4023 ,
253 3953 397 4014 tantum
417 3951 455 4014 et
477 3944 631 4013 clamore
654 3942 840 4014 referendo
857 3944 982 4014 locum,
998 3944 1119 4026 habet,
1143 3945 1210 4016 hoc
1230 3957 1307 4017 tota

253 4069 419 4151 poemata
436 4058 631 4151 pervadere
648 4082 690 4129 ac
707 4058 885 4129 moderari
901 4059 1077 4131 videmus.

304 4174 407 4245 Nihil
427 4185 482 4245 est
503 4174 599 4246 enim
625 4174 699 4245 fere
724 4174 761 4244 in
788 4196 908 4245 rerum
933 4184 1064 4246 natura
1086 4174 1156 4258 cui,
1173 4175 1204 4245 si
1220 4198 1307 4246 voce

253 4290 433 4373 efferatur,
450 4314 523 4361 non
542 4290 659 4383 aptior
675 4289 722 4361 sit
740 4312 818 4362 una
829 4292 995 4384 quaedam
1014 4292 1203 4363 verborum
1229 4309 1308 4381 spe·

254 4406 326 4479 cies
349 4419 387 4479 et
403 4406 518 4479 forma
535 4430 643 4501 quam
669 4416 823 4493 caeterae,
840 4432 923 4501 quse
948 4430 1020 4477 non
1045 4418 1120 4477 tam
1144 4416 1222 4477 arte
1244 4403 1308 4473 ali-

766 4538 793 4589 n
