<?xml version="1.0" encoding="UTF-8"?>
<!DOCTYPE html PUBLIC "-//W3C//DTD XHTML 1.0 Transitional//EN"
    "http://www.w3.org/TR/xhtml1/DTD/xhtml1-transitional.dtd">
<html xmlns="http://www.w3.org/1999/xhtml" xml:lang="en" lang="en">
 <head>
  <title>
</title>
<meta http-equiv="Content-Type" content="text/html;charset=utf-8" />
  <meta name='ocr-system' content='tesseract 3.04.00' />
  <meta name='ocr-capabilities' content='ocr_page ocr_carea ocr_par ocr_line ocrx_word'/>
</head>
<body>
  <div class='ocr_page' id='page_1' title='image "./praelectionesac00coplgoog_0269.png"; bbox 0 0 3559 5575; ppageno 0'>
   <div class='ocr_carea' id='block_1_1' title="bbox 488 92 1546 168">
    <p class='ocr_par' dir='ltr' id='par_1_1' title="bbox 488 92 1546 168">
     <span class='ocr_line' id='line_1_1' title="bbox 488 92 1546 168; baseline -0.01 0"><span class='ocrx_word' id='word_1_1' title='bbox 488 102 553 168; x_wconf 70' lang='lat'><strong>260</strong></span> <span class='ocrx_word' id='word_1_2' title='bbox 828 96 950 162; x_wconf 87' lang='lat' dir='ltr'><strong>PARS</strong></span> <span class='ocrx_word' id='word_1_3' title='bbox 973 92 1194 159; x_wconf 84' lang='lat' dir='ltr'>SECUNDA</span> <span class='ocrx_word' id='word_1_4' title='bbox 1332 94 1445 158; x_wconf 77' lang='lat' dir='ltr'><strong>Pur..</strong></span> <span class='ocrx_word' id='word_1_5' title='bbox 1462 92 1546 158; x_wconf 86' lang='lat' dir='ltr'><strong>XX.</strong></span> 
     </span>
    </p>
   </div>
   <div class='ocr_carea' id='block_1_2' title="bbox 488 264 1551 3472">
    <p class='ocr_par' dir='ltr' id='par_1_2' title="bbox 488 264 1550 1741">
     <span class='ocr_line' id='line_1_2' title="bbox 488 264 1549 367; baseline -0.007 -22"><span class='ocrx_word' id='word_1_6' title='bbox 488 276 601 347; x_wconf 85' lang='lat' dir='ltr'><strong>ferme</strong></span> <span class='ocrx_word' id='word_1_7' title='bbox 617 271 755 367; x_wconf 89' lang='lat' dir='ltr'><strong>legibus</strong></span> <span class='ocrx_word' id='word_1_8' title='bbox 772 267 959 340; x_wconf 83' lang='lat' dir='ltr'><strong>contineri.</strong></span> <span class='ocrx_word' id='word_1_9' title='bbox 1010 266 1153 359; x_wconf 87' lang='lat' dir='ltr'>Quippe</span> <span class='ocrx_word' id='word_1_10' title='bbox 1177 264 1447 337; x_wconf 78' lang='lat' dir='ltr'><strong>omniunhaee</strong></span> <span class='ocrx_word' id='word_1_11' title='bbox 1470 267 1549 338; x_wconf 86' lang='lat' dir='ltr'><strong>fere</strong></span> 
     </span>
     <span class='ocr_line' id='line_1_3' title="bbox 488 379 1549 475; baseline -0.008 -15"><span class='ocrx_word' id='word_1_12' title='bbox 488 398 573 459; x_wconf 87' lang='lat' dir='ltr'><strong>sunt</strong></span> <span class='ocrx_word' id='word_1_13' title='bbox 590 383 805 467; x_wconf 88' lang='lat' dir='ltr'><strong>communia,</strong></span> <span class='ocrx_word' id='word_1_14' title='bbox 823 393 865 454; x_wconf 90' lang='lat' dir='ltr'><strong>ut</strong></span> <span class='ocrx_word' id='word_1_15' title='bbox 883 382 1030 453; x_wconf 87' lang='lat' dir='ltr'><strong>consilio</strong></span> <span class='ocrx_word' id='word_1_16' title='bbox 1047 390 1085 452; x_wconf 93' lang='lat' dir='ltr'><strong>et</strong></span> <span class='ocrx_word' id='word_1_17' title='bbox 1102 379 1313 475; x_wconf 83' lang='lat' dir='ltr'><strong>cogitationi</strong></span> <span class='ocrx_word' id='word_1_18' title='bbox 1333 380 1549 452; x_wconf 87' lang='lat' dir='ltr'><strong>obsint—ut</strong></span> 
     </span>
     <span class='ocr_line' id='line_1_4' title="bbox 488 495 1549 595; baseline -0.008 -20"><span class='ocrx_word' id='word_1_19' title='bbox 488 504 551 575; x_wconf 92' lang='lat' dir='ltr'><strong>diu</strong></span> <span class='ocrx_word' id='word_1_20' title='bbox 575 500 710 595; x_wconf 85' lang='lat' dir='ltr'><strong>integri</strong></span> <span class='ocrx_word' id='word_1_21' title='bbox 735 499 855 595; x_wconf 87' lang='lat' dir='ltr'><strong>vigere</strong></span> <span class='ocrx_word' id='word_1_22' title='bbox 878 504 1152 591; x_wconf 85' lang='lat' dir='ltr'><strong>nequeant—ut</strong></span> <span class='ocrx_word' id='word_1_23' title='bbox 1174 496 1267 565; x_wconf 84' lang='lat' dir='ltr'><strong>alter</strong></span> <span class='ocrx_word' id='word_1_24' title='bbox 1291 495 1439 566; x_wconf 83' lang='lat' dir='ltr'><strong>alterius</strong></span> <span class='ocrx_word' id='word_1_25' title='bbox 1463 508 1549 567; x_wconf 88' lang='lat' dir='ltr'><strong>ortu</strong></span> 
     </span>
     <span class='ocr_line' id='line_1_5' title="bbox 489 609 1548 705; baseline -0.007 -16"><span class='ocrx_word' id='word_1_26' title='bbox 489 618 673 689; x_wconf 88' lang='lat' dir='ltr'><strong>minuatur</strong></span> <span class='ocrx_word' id='word_1_27' title='bbox 703 623 767 685; x_wconf 86' lang='lat' dir='ltr'><strong>aut</strong></span> <span class='ocrx_word' id='word_1_28' title='bbox 793 623 1017 705; x_wconf 85' lang='lat' dir='ltr'><strong>pereat—et,</strong></span> <span class='ocrx_word' id='word_1_29' title='bbox 1046 610 1143 703; x_wconf 93' lang='lat' dir='ltr'><strong>quod</strong></span> <span class='ocrx_word' id='word_1_30' title='bbox 1172 609 1331 679; x_wconf 84' lang='lat' dir='ltr'><strong>maxime</strong></span> <span class='ocrx_word' id='word_1_31' title='bbox 1360 610 1548 682; x_wconf 86' lang='lat' dir='ltr'><strong>nobiscum</strong></span> 
     </span>
     <span class='ocr_line' id='line_1_6' title="bbox 488 724 1549 817; baseline -0.006 -13"><span class='ocrx_word' id='word_1_32' title='bbox 488 733 587 815; x_wconf 85' lang='lat' dir='ltr'><strong>facit,</strong></span> <span class='ocrx_word' id='word_1_33' title='bbox 604 741 646 802; x_wconf 91' lang='lat' dir='ltr'><strong>ut</strong></span> <span class='ocrx_word' id='word_1_34' title='bbox 664 741 743 801; x_wconf 92' lang='lat' dir='ltr'><strong>tum</strong></span> <span class='ocrx_word' id='word_1_35' title='bbox 760 730 851 800; x_wconf 84' lang='lat' dir='ltr'><strong>fiant</strong></span> <span class='ocrx_word' id='word_1_36' title='bbox 867 726 1164 808; x_wconf 85' lang='lat' dir='ltr'><strong>vehementiores,</strong></span> <span class='ocrx_word' id='word_1_37' title='bbox 1181 725 1327 817; x_wconf 89' lang='lat' dir='ltr'><strong>quando</strong></span> <span class='ocrx_word' id='word_1_38' title='bbox 1349 724 1387 795; x_wconf 92' lang='lat' dir='ltr'><strong>in</strong></span> <span class='ocrx_word' id='word_1_39' title='bbox 1410 750 1451 797; x_wconf 90' lang='lat' dir='ltr'><strong>re</strong></span> <span class='ocrx_word' id='word_1_40' title='bbox 1474 750 1549 799; x_wconf 85' lang='lat' dir='ltr'><strong>una</strong></span> 
     </span>
     <span class='ocr_line' id='line_1_7' title="bbox 489 840 1550 937; baseline -0.004 -20"><span class='ocrx_word' id='word_1_41' title='bbox 489 858 554 917; x_wconf 86' lang='lat' dir='ltr'><strong>aut</strong></span> <span class='ocrx_word' id='word_1_42' title='bbox 570 844 693 937; x_wconf 85' lang='lat' dir='ltr'><strong>paucis</strong></span> <span class='ocrx_word' id='word_1_43' title='bbox 711 845 906 915; x_wconf 85' lang='lat' dir='ltr'>admodum</span> <span class='ocrx_word' id='word_1_44' title='bbox 924 845 1029 913; x_wconf 88' lang='lat' dir='ltr'><strong>rebus</strong></span> <span class='ocrx_word' id='word_1_45' title='bbox 1047 841 1230 912; x_wconf 83' lang='lat' dir='ltr'><strong>detinetur</strong></span> <span class='ocrx_word' id='word_1_46' title='bbox 1244 840 1396 911; x_wconf 83' lang='lat' dir='ltr'><strong>animus.</strong></span> <span class='ocrx_word' id='word_1_47' title='bbox 1440 842 1550 923; x_wconf 85' lang='lat' dir='ltr'><strong>Quod</strong></span> 
     </span>
     <span class='ocr_line' id='line_1_8' title="bbox 490 954 1549 1054; baseline -0.003 -24"><span class='ocrx_word' id='word_1_48' title='bbox 490 960 636 1054; x_wconf 93' lang='lat' dir='ltr'><strong>quidem</strong></span> <span class='ocrx_word' id='word_1_49' title='bbox 663 958 841 1052; x_wconf 87' lang='lat' dir='ltr'><strong>plerisque</strong></span> <span class='ocrx_word' id='word_1_50' title='bbox 863 955 1024 1029; x_wconf 85' lang='lat' dir='ltr'><strong>accidere</strong></span> <span class='ocrx_word' id='word_1_51' title='bbox 1048 954 1285 1048; x_wconf 87' lang='lat' dir='ltr'><strong>utplurimum</strong></span> <span class='ocrx_word' id='word_1_52' title='bbox 1304 954 1469 1026; x_wconf 81' lang='lat' dir='ltr'><strong>fatentur</strong></span> <span class='ocrx_word' id='word_1_53' title='bbox 1486 957 1549 1027; x_wconf 87' lang='lat' dir='ltr'><strong>ho-</strong></span> 
     </span>
     <span class='ocr_line' id='line_1_9' title="bbox 491 1068 1549 1167; baseline -0.001 -24"><span class='ocrx_word' id='word_1_54' title='bbox 491 1075 616 1146; x_wconf 86' lang='lat' dir='ltr'><strong>mines.</strong></span> <span class='ocrx_word' id='word_1_55' title='bbox 668 1073 771 1143; x_wconf 89' lang='lat' dir='ltr'><strong>Nihil</strong></span> <span class='ocrx_word' id='word_1_56' title='bbox 799 1072 896 1145; x_wconf 90' lang='lat' dir='ltr'><strong>enim</strong></span> <span class='ocrx_word' id='word_1_57' title='bbox 925 1071 1040 1167; x_wconf 87' lang='lat' dir='ltr'><strong>magis</strong></span> <span class='ocrx_word' id='word_1_58' title='bbox 1057 1132 1060 1137; x_wconf 94' lang='lat'><em>.</em></span> <span class='ocrx_word' id='word_1_59' title='bbox 1075 1069 1122 1141; x_wconf 82' lang='lat' dir='ltr'><strong>ad</strong></span> <span class='ocrx_word' id='word_1_60' title='bbox 1146 1068 1293 1140; x_wconf 87' lang='lat' dir='ltr'><strong>Amoris</strong></span> <span class='ocrx_word' id='word_1_61' title='bbox 1317 1069 1393 1139; x_wconf 88' lang='lat' dir='ltr'><strong>vim</strong></span> <span class='ocrx_word' id='word_1_62' title='bbox 1418 1070 1549 1142; x_wconf 88' lang='lat' dir='ltr'><strong>restiu-</strong></span> 
     </span>
     <span class='ocr_line' id='line_1_10' title="bbox 490 1173 1548 1283; baseline -0.004 -22"><span class='ocrx_word' id='word_1_63' title='bbox 490 1190 672 1283; x_wconf 87' lang='lat' dir='ltr'><strong>guendam</strong></span> <span class='ocrx_word' id='word_1_64' title='bbox 690 1192 808 1261; x_wconf 86' lang='lat' dir='ltr'><strong>valere</strong></span> <span class='ocrx_word' id='word_1_65' title='bbox 832 1187 945 1270; x_wconf 82' lang='lat' dir='ltr'><strong>aiunt,</strong></span> <span class='ocrx_word' id='word_1_66' title='bbox 963 1209 1070 1280; x_wconf 84' lang='lat' dir='ltr'><strong>quam</strong></span> <span class='ocrx_word' id='word_1_67' title='bbox 1095 1185 1126 1257; x_wconf 92' lang='lat' dir='ltr'><strong>si</strong></span> <span class='ocrx_word' id='word_1_68' title='bbox 1148 1208 1253 1256; x_wconf 86' lang='lat' dir='ltr'><strong>novae</strong></span> <span class='ocrx_word' id='word_1_69' title='bbox 1277 1207 1334 1255; x_wconf 80' lang='lat' dir='ltr'><strong>nes</strong></span> <span class='ocrx_word' id='word_1_70' title='bbox 1357 1173 1548 1257; x_wconf 77' lang='lat' dir='ltr'><strong>occurrant</strong></span> 
     </span>
     <span class='ocr_line' id='line_1_11' title="bbox 491 1299 1548 1397; baseline -0.005 -22"><span class='ocrx_word' id='word_1_71' title='bbox 491 1305 623 1387; x_wconf 86' lang='lat' dir='ltr'><strong>animo,</strong></span> <span class='ocrx_word' id='word_1_72' title='bbox 640 1305 776 1396; x_wconf 90' lang='lat' dir='ltr'><strong>pariter</strong></span> <span class='ocrx_word' id='word_1_73' title='bbox 791 1326 912 1375; x_wconf 86' lang='lat' dir='ltr'><strong>amore</strong></span> <span class='ocrx_word' id='word_1_74' title='bbox 929 1303 1059 1397; x_wconf 84' lang='lat' dir='ltr'><strong>dignae.</strong></span> <span class='ocrx_word' id='word_1_75' title='bbox 1112 1300 1262 1395; x_wconf 80' lang='lat' dir='ltr'><strong>Integra</strong></span> <span class='ocrx_word' id='word_1_76' title='bbox 1277 1299 1449 1371; x_wconf 89' lang='lat' dir='ltr'><strong>nimirum</strong></span> <span class='ocrx_word' id='word_1_77' title='bbox 1469 1303 1548 1393; x_wconf 90' lang='lat' dir='ltr'><strong>ejus</strong></span> 
     </span>
     <span class='ocr_line' id='line_1_12' title="bbox 491 1415 1549 1513; baseline -0.001 -25"><span class='ocrx_word' id='word_1_78' title='bbox 491 1419 545 1489; x_wconf 83' lang='lat' dir='ltr'><strong>vis</strong></span> <span class='ocrx_word' id='word_1_79' title='bbox 562 1420 600 1489; x_wconf 91' lang='lat' dir='ltr'><strong>in</strong></span> <span class='ocrx_word' id='word_1_80' title='bbox 619 1418 769 1513; x_wconf 90' lang='lat' dir='ltr'><strong>singulis</strong></span> <span class='ocrx_word' id='word_1_81' title='bbox 785 1419 997 1488; x_wconf 85' lang='lat' dir='ltr'><strong>declaratur.</strong></span> <span class='ocrx_word' id='word_1_82' title='bbox 1035 1416 1076 1487; x_wconf 89' lang='lat' dir='ltr'><strong>Si</strong></span> <span class='ocrx_word' id='word_1_83' title='bbox 1092 1415 1129 1487; x_wconf 90' lang='lat' dir='ltr'><strong>in</strong></span> <span class='ocrx_word' id='word_1_84' title='bbox 1148 1416 1289 1486; x_wconf 87' lang='lat' dir='ltr'><strong>diversa</strong></span> <span class='ocrx_word' id='word_1_85' title='bbox 1305 1426 1486 1498; x_wconf 84' lang='lat' dir='ltr'><strong>excurrat,</strong></span> <span class='ocrx_word' id='word_1_86' title='bbox 1499 1417 1549 1487; x_wconf 89' lang='lat' dir='ltr'><strong>le-</strong></span> 
     </span>
     <span class='ocr_line' id='line_1_13' title="bbox 491 1531 1548 1626; baseline -0.001 -23"><span class='ocrx_word' id='word_1_87' title='bbox 491 1533 569 1603; x_wconf 87' lang='lat' dir='ltr'><strong>vior</strong></span> <span class='ocrx_word' id='word_1_88' title='bbox 584 1533 680 1603; x_wconf 92' lang='lat' dir='ltr'><strong>illico</strong></span> <span class='ocrx_word' id='word_1_89' title='bbox 697 1533 836 1603; x_wconf 87' lang='lat' dir='ltr'><strong>evadit:</strong></span> <span class='ocrx_word' id='word_1_90' title='bbox 864 1542 902 1603; x_wconf 93' lang='lat' dir='ltr'><strong>et</strong></span> <span class='ocrx_word' id='word_1_91' title='bbox 918 1534 1015 1626; x_wconf 93' lang='lat' dir='ltr'><strong>quod</strong></span> <span class='ocrx_word' id='word_1_92' title='bbox 1032 1531 1130 1625; x_wconf 87' lang='lat' dir='ltr'><strong>prius</strong></span> <span class='ocrx_word' id='word_1_93' title='bbox 1147 1532 1283 1602; x_wconf 87' lang='lat' dir='ltr'><strong>ardoris</strong></span> <span class='ocrx_word' id='word_1_94' title='bbox 1299 1531 1454 1624; x_wconf 88' lang='lat' dir='ltr'><strong>speciem</strong></span> <span class='ocrx_word' id='word_1_95' title='bbox 1471 1555 1548 1623; x_wconf 85' lang='lat' dir='ltr'><strong>prae</strong></span> 
     </span>
     <span class='ocr_line' id='line_1_14' title="bbox 491 1644 1548 1741; baseline -0.004 -22"><span class='ocrx_word' id='word_1_96' title='bbox 491 1669 529 1719; x_wconf 87' lang='lat' dir='ltr'><strong>se</strong></span> <span class='ocrx_word' id='word_1_97' title='bbox 545 1647 683 1718; x_wconf 85' lang='lat' dir='ltr'><strong>ferebat</strong></span> <span class='ocrx_word' id='word_1_98' title='bbox 695 1648 773 1741; x_wconf 82' lang='lat' dir='ltr'><strong>jam</strong></span> <span class='ocrx_word' id='word_1_99' title='bbox 790 1646 1050 1719; x_wconf 88' lang='lat' dir='ltr'><strong>benevolentiae</strong></span> <span class='ocrx_word' id='word_1_100' title='bbox 1067 1669 1176 1740; x_wconf 89' lang='lat' dir='ltr'><strong>quam</strong></span> <span class='ocrx_word' id='word_1_101' title='bbox 1194 1644 1306 1716; x_wconf 87' lang='lat' dir='ltr'><strong>amori</strong></span> <span class='ocrx_word' id='word_1_102' title='bbox 1324 1645 1367 1716; x_wconf 86' lang='lat' dir='ltr'><strong>fit</strong></span> <span class='ocrx_word' id='word_1_103' title='bbox 1383 1645 1548 1716; x_wconf 87' lang='lat' dir='ltr'><strong>similius.</strong></span> 
     </span>
    </p>

    <p class='ocr_par' dir='ltr' id='par_1_3' title="bbox 492 1760 1551 3472">
     <span class='ocr_line' id='line_1_15' title="bbox 542 1760 1550 1855; baseline -0.001 -24"><span class='ocrx_word' id='word_1_104' title='bbox 542 1761 684 1832; x_wconf 86' lang='lat' dir='ltr'><strong>Eadem</strong></span> <span class='ocrx_word' id='word_1_105' title='bbox 701 1784 806 1855; x_wconf 89' lang='lat' dir='ltr'><strong>porro</strong></span> <span class='ocrx_word' id='word_1_106' title='bbox 823 1761 981 1833; x_wconf 79' lang='lat' dir='ltr'><strong>Timonis</strong></span> <span class='ocrx_word' id='word_1_107' title='bbox 998 1770 1053 1832; x_wconf 90' lang='lat' dir='ltr'><strong>est</strong></span> <span class='ocrx_word' id='word_1_108' title='bbox 1070 1761 1186 1833; x_wconf 85' lang='lat' dir='ltr'><strong>ratio:</strong></span> <span class='ocrx_word' id='word_1_109' title='bbox 1213 1783 1297 1831; x_wconf 83' lang='lat' dir='ltr'><strong>nam</strong></span> <span class='ocrx_word' id='word_1_110' title='bbox 1315 1760 1346 1831; x_wconf 91' lang='lat' dir='ltr'><strong>si</strong></span> <span class='ocrx_word' id='word_1_111' title='bbox 1362 1782 1464 1831; x_wconf 89' lang='lat' dir='ltr'><strong>mens</strong></span> <span class='ocrx_word' id='word_1_112' title='bbox 1484 1760 1550 1831; x_wconf 86' lang='lat' dir='ltr'><strong>ali·</strong></span> 
     </span>
     <span class='ocr_line' id='line_1_16' title="bbox 492 1876 1549 1972; baseline -0.001 -25"><span class='ocrx_word' id='word_1_113' title='bbox 492 1901 563 1972; x_wconf 91' lang='lat' dir='ltr'><strong>quo</strong></span> <span class='ocrx_word' id='word_1_114' title='bbox 581 1886 681 1949; x_wconf 91' lang='lat' dir='ltr'><strong>metu</strong></span> <span class='ocrx_word' id='word_1_115' title='bbox 698 1887 924 1968; x_wconf 90' lang='lat' dir='ltr'><strong>pertentetur</strong></span> <span class='ocrx_word' id='word_1_116' title='bbox 940 1876 1041 1959; x_wconf 87' lang='lat' dir='ltr'><strong>adeo,</strong></span> <span class='ocrx_word' id='word_1_117' title='bbox 1054 1887 1097 1948; x_wconf 92' lang='lat' dir='ltr'><strong>ut</strong></span> <span class='ocrx_word' id='word_1_118' title='bbox 1110 1877 1203 1947; x_wconf 86' lang='lat' dir='ltr'><strong>vires</strong></span> <span class='ocrx_word' id='word_1_119' title='bbox 1214 1878 1293 1970; x_wconf 86' lang='lat' dir='ltr'><strong>jam</strong></span> <span class='ocrx_word' id='word_1_120' title='bbox 1310 1877 1461 1948; x_wconf 81' lang='lat' dir='ltr'><strong>deficere</strong></span> <span class='ocrx_word' id='word_1_121' title='bbox 1478 1899 1549 1947; x_wconf 88' lang='lat' dir='ltr'><strong>ooe-</strong></span> 
     </span>
     <span class='ocr_line' id='line_1_17' title="bbox 492 1992 1549 2087; baseline -0.002 -22"><span class='ocrx_word' id='word_1_122' title='bbox 492 1994 623 2087; x_wconf 87' lang='lat' dir='ltr'><strong>perint‚</strong></span> <span class='ocrx_word' id='word_1_123' title='bbox 636 2004 674 2066; x_wconf 91' lang='lat' dir='ltr'><strong>et</strong></span> <span class='ocrx_word' id='word_1_124' title='bbox 687 1993 778 2065; x_wconf 91' lang='lat' dir='ltr'><strong>nihil</strong></span> <span class='ocrx_word' id='word_1_125' title='bbox 793 2016 869 2086; x_wconf 86' lang='lat' dir='ltr'><strong>prae</strong></span> <span class='ocrx_word' id='word_1_126' title='bbox 886 2003 1060 2086; x_wconf 83' lang='lat' dir='ltr'><strong>concepta</strong></span> <span class='ocrx_word' id='word_1_127' title='bbox 1075 1992 1266 2064; x_wconf 89' lang='lat' dir='ltr'><strong>formidine</strong></span> <span class='ocrx_word' id='word_1_128' title='bbox 1283 2002 1349 2064; x_wconf 89' lang='lat' dir='ltr'><strong>aut</strong></span> <span class='ocrx_word' id='word_1_129' title='bbox 1361 2015 1468 2087; x_wconf 81' lang='lat' dir='ltr'><strong>agene</strong></span> <span class='ocrx_word' id='word_1_130' title='bbox 1483 2002 1549 2064; x_wconf 85' lang='lat' dir='ltr'><strong>aut</strong></span> 
     </span>
     <span class='ocr_line' id='line_1_18' title="bbox 492 2109 1550 2206; baseline -0.004 -23"><span class='ocrx_word' id='word_1_131' title='bbox 492 2110 651 2205; x_wconf 89' lang='lat' dir='ltr'><strong>cogitare</strong></span> <span class='ocrx_word' id='word_1_132' title='bbox 677 2122 797 2206; x_wconf 86' lang='lat' dir='ltr'><strong>queat,</strong></span> <span class='ocrx_word' id='word_1_133' title='bbox 814 2135 947 2183; x_wconf 90' lang='lat' dir='ltr'><strong>novum</strong></span> <span class='ocrx_word' id='word_1_134' title='bbox 972 2110 1079 2181; x_wconf 95' lang='lat' dir='ltr'><strong>modo</strong></span> <span class='ocrx_word' id='word_1_135' title='bbox 1099 2120 1266 2182; x_wconf 84' lang='lat' dir='ltr'><strong>exortum</strong></span> <span class='ocrx_word' id='word_1_136' title='bbox 1282 2110 1393 2181; x_wconf 85' lang='lat' dir='ltr'><strong>fuerit</strong></span> <span class='ocrx_word' id='word_1_137' title='bbox 1409 2109 1550 2202; x_wconf 88' lang='lat' dir='ltr'><strong>pericn-</strong></span> 
     </span>
     <span class='ocr_line' id='line_1_19' title="bbox 492 2225 1548 2321; baseline 0 -26"><span class='ocrx_word' id='word_1_138' title='bbox 492 2227 581 2312; x_wconf 88' lang='lat' dir='ltr'><strong>lum,</strong></span> <span class='ocrx_word' id='word_1_139' title='bbox 606 2251 700 2297; x_wconf 87' lang='lat' dir='ltr'><strong>nova</strong></span> <span class='ocrx_word' id='word_1_140' title='bbox 726 2228 923 2321; x_wconf 87' lang='lat' dir='ltr'><strong>eademque</strong></span> <span class='ocrx_word' id='word_1_141' title='bbox 950 2225 1067 2297; x_wconf 87' lang='lat' dir='ltr'><strong>aliena</strong></span> <span class='ocrx_word' id='word_1_142' title='bbox 1092 2225 1238 2297; x_wconf 86' lang='lat' dir='ltr'><strong>terroris</strong></span> <span class='ocrx_word' id='word_1_143' title='bbox 1261 2225 1407 2317; x_wconf 75' lang='lat' dir='ltr'><strong>specior,</strong></span> <span class='ocrx_word' id='word_1_144' title='bbox 1423 2225 1548 2296; x_wconf 74' lang='lat' dir='ltr'><strong>statim</strong></span> 
     </span>
     <span class='ocr_line' id='line_1_20' title="bbox 493 2341 1549 2423; baseline 0 -12"><span class='ocrx_word' id='word_1_145' title='bbox 493 2342 605 2412; x_wconf 89' lang='lat' dir='ltr'><strong>altero</strong></span> <span class='ocrx_word' id='word_1_146' title='bbox 622 2341 683 2411; x_wconf 91' lang='lat' dir='ltr'><strong>illo</strong></span> <span class='ocrx_word' id='word_1_147' title='bbox 701 2342 819 2412; x_wconf 90' lang='lat' dir='ltr'><strong>minus</strong></span> <span class='ocrx_word' id='word_1_148' title='bbox 836 2344 1026 2423; x_wconf 63' lang='lat' dir='ltr'><strong>turbatum</strong></span> <span class='ocrx_word' id='word_1_149' title='bbox 1052 2341 1133 2412; x_wconf 89' lang='lat' dir='ltr'><strong>etsi</strong></span> <span class='ocrx_word' id='word_1_150' title='bbox 1150 2364 1222 2413; x_wconf 92' lang='lat' dir='ltr'><strong>non</strong></span> <span class='ocrx_word' id='word_1_151' title='bbox 1239 2341 1356 2413; x_wconf 85' lang='lat' dir='ltr'><strong>sedari</strong></span> <span class='ocrx_word' id='word_1_152' title='bbox 1373 2341 1457 2411; x_wconf 89' lang='lat' dir='ltr'><strong>inde</strong></span> <span class='ocrx_word' id='word_1_153' title='bbox 1475 2363 1549 2412; x_wconf 89' lang='lat' dir='ltr'><strong>me-</strong></span> 
     </span>
     <span class='ocr_line' id='line_1_21' title="bbox 492 2456 1549 2551; baseline 0.002 -26"><span class='ocrx_word' id='word_1_154' title='bbox 492 2463 584 2536; x_wconf 88' lang='lat' dir='ltr'><strong>tum,</strong></span> <span class='ocrx_word' id='word_1_155' title='bbox 603 2456 713 2548; x_wconf 81' lang='lat' dir='ltr'><strong>(quod</strong></span> <span class='ocrx_word' id='word_1_156' title='bbox 730 2467 851 2528; x_wconf 87' lang='lat' dir='ltr'><strong>tamen</strong></span> <span class='ocrx_word' id='word_1_157' title='bbox 871 2457 992 2551; x_wconf 85' lang='lat' dir='ltr'><strong>aliqua</strong></span> <span class='ocrx_word' id='word_1_158' title='bbox 1008 2480 1054 2527; x_wconf 87' lang='lat' dir='ltr'><strong>ex</strong></span> <span class='ocrx_word' id='word_1_159' title='bbox 1071 2466 1175 2549; x_wconf 85' lang='lat' dir='ltr'><strong>parte</strong></span> <span class='ocrx_word' id='word_1_160' title='bbox 1191 2456 1269 2528; x_wconf 87' lang='lat' dir='ltr'><strong>fieri</strong></span> <span class='ocrx_word' id='word_1_161' title='bbox 1284 2456 1470 2528; x_wconf 87' lang='lat' dir='ltr'><strong>interdum</strong></span> <span class='ocrx_word' id='word_1_162' title='bbox 1485 2480 1549 2527; x_wconf 93' lang='lat' dir='ltr'><strong>no-</strong></span> 
     </span>
     <span class='ocr_line' id='line_1_22' title="bbox 492 2568 1549 2667; baseline 0.003 -28"><span class='ocrx_word' id='word_1_163' title='bbox 492 2568 636 2659; x_wconf 72' lang='lat' dir='ltr'><strong>rimus)</strong></span> <span class='ocrx_word' id='word_1_164' title='bbox 656 2579 694 2641; x_wconf 85' lang='lat' dir='ltr'><strong>at</strong></span> <span class='ocrx_word' id='word_1_165' title='bbox 711 2593 937 2665; x_wconf 84' lang='lat' dir='ltr'><strong>nequaquam</strong></span> <span class='ocrx_word' id='word_1_166' title='bbox 961 2595 1044 2643; x_wconf 90' lang='lat' dir='ltr'><strong>eum</strong></span> <span class='ocrx_word' id='word_1_167' title='bbox 1066 2571 1268 2667; x_wconf 82' lang='lat' dir='ltr'><strong>graviorem</strong></span> <span class='ocrx_word' id='word_1_168' title='bbox 1286 2572 1400 2656; x_wconf 90' lang='lat' dir='ltr'><strong>reddi,</strong></span> <span class='ocrx_word' id='word_1_169' title='bbox 1416 2582 1456 2643; x_wconf 92' lang='lat' dir='ltr'><strong>et</strong></span> <span class='ocrx_word' id='word_1_170' title='bbox 1472 2592 1549 2642; x_wconf 70' lang='lat' dir='ltr'><strong>mu·</strong></span> 
     </span>
     <span class='ocr_line' id='line_1_23' title="bbox 493 2680 1549 2782; baseline 0.005 -29"><span class='ocrx_word' id='word_1_171' title='bbox 493 2680 572 2753; x_wconf 79' lang='lat' dir='ltr'><strong>tari</strong></span> <span class='ocrx_word' id='word_1_172' title='bbox 587 2694 731 2756; x_wconf 86' lang='lat' dir='ltr'><strong>tantum</strong></span> <span class='ocrx_word' id='word_1_173' title='bbox 748 2707 820 2756; x_wconf 91' lang='lat' dir='ltr'><strong>non</strong></span> <span class='ocrx_word' id='word_1_174' title='bbox 839 2683 976 2779; x_wconf 78' lang='lat' dir='ltr'><strong>angeri</strong></span> <span class='ocrx_word' id='word_1_175' title='bbox 995 2687 1159 2782; x_wconf 85' lang='lat' dir='ltr'><strong>contigit.</strong></span> <span class='ocrx_word' id='word_1_176' title='bbox 1210 2688 1382 2771; x_wconf 86' lang='lat' dir='ltr'><strong>Quinimo</strong></span> <span class='ocrx_word' id='word_1_177' title='bbox 1407 2688 1549 2759; x_wconf 82' lang='lat' dir='ltr'><strong>diversa</strong></span> 
     </span>
     <span class='ocr_line' id='line_1_24' title="bbox 493 2803 1550 2898; baseline 0.005 -26"><span class='ocrx_word' id='word_1_178' title='bbox 493 2811 670 2873; x_wconf 86' lang='lat' dir='ltr'><strong>terrorum</strong></span> <span class='ocrx_word' id='word_1_179' title='bbox 686 2824 821 2897; x_wconf 86' lang='lat' dir='ltr'><strong>genera</strong></span> <span class='ocrx_word' id='word_1_180' title='bbox 837 2813 964 2874; x_wconf 92' lang='lat' dir='ltr'><strong>mutuo</strong></span> <span class='ocrx_word' id='word_1_181' title='bbox 979 2803 1075 2875; x_wconf 90' lang='lat' dir='ltr'><strong>inter</strong></span> <span class='ocrx_word' id='word_1_182' title='bbox 1091 2827 1129 2874; x_wconf 90' lang='lat' dir='ltr'><strong>se</strong></span> <span class='ocrx_word' id='word_1_183' title='bbox 1146 2804 1282 2876; x_wconf 86' lang='lat' dir='ltr'><strong>auxilio</strong></span> <span class='ocrx_word' id='word_1_184' title='bbox 1298 2829 1375 2876; x_wconf 85' lang='lat' dir='ltr'><strong>esse</strong></span> <span class='ocrx_word' id='word_1_185' title='bbox 1391 2815 1430 2877; x_wconf 91' lang='lat' dir='ltr'><strong>et</strong></span> <span class='ocrx_word' id='word_1_186' title='bbox 1445 2804 1550 2898; x_wconf 83' lang='lat' dir='ltr'><strong>quasi</strong></span> 
     </span>
     <span class='ocr_line' id='line_1_25' title="bbox 493 2917 1550 3013; baseline 0.003 -26"><span class='ocrx_word' id='word_1_187' title='bbox 493 2918 652 2989; x_wconf 90' lang='lat' dir='ltr'><strong>remedio</strong></span> <span class='ocrx_word' id='word_1_188' title='bbox 664 2918 854 3000; x_wconf 63' lang='lat' dir='ltr'><strong>videntum</strong></span> <span class='ocrx_word' id='word_1_189' title='bbox 880 2917 1050 3010; x_wconf 82' lang='lat' dir='ltr'><strong>quoniam</strong></span> <span class='ocrx_word' id='word_1_190' title='bbox 1068 2941 1174 2990; x_wconf 87' lang='lat' dir='ltr'><strong>caecae</strong></span> <span class='ocrx_word' id='word_1_191' title='bbox 1190 2919 1252 2991; x_wconf 88' lang='lat' dir='ltr'><strong>isti</strong></span> <span class='ocrx_word' id='word_1_192' title='bbox 1269 2919 1465 3006; x_wconf 89' lang='lat' dir='ltr'><strong>formidini,</strong></span> <span class='ocrx_word' id='word_1_193' title='bbox 1477 2943 1550 3013; x_wconf 84' lang='lat' dir='ltr'><strong>qua</strong></span> 
     </span>
     <span class='ocr_line' id='line_1_26' title="bbox 495 3033 1551 3107; baseline 0.004 -4"><span class='ocrx_word' id='word_1_194' title='bbox 495 3033 750 3106; x_wconf 83' lang='lat' dir='ltr'><strong>exanimantur</strong></span> <span class='ocrx_word' id='word_1_195' title='bbox 769 3033 933 3107; x_wconf 89' lang='lat' dir='ltr'><strong>nonnulli</strong></span> <span class='ocrx_word' id='word_1_196' title='bbox 955 3057 1034 3105; x_wconf 85' lang='lat' dir='ltr'><strong>sera</strong></span> <span class='ocrx_word' id='word_1_197' title='bbox 1055 3045 1161 3107; x_wconf 82' lang='lat' dir='ltr'><strong>nocte</strong></span> <span class='ocrx_word' id='word_1_198' title='bbox 1182 3044 1221 3106; x_wconf 86' lang='lat' dir='ltr'><strong>et</strong></span> <span class='ocrx_word' id='word_1_199' title='bbox 1237 3034 1395 3107; x_wconf 86' lang='lat' dir='ltr'><strong>tenebris</strong></span> <span class='ocrx_word' id='word_1_200' title='bbox 1417 3035 1551 3107; x_wconf 84' lang='lat' dir='ltr'><strong>obsessi</strong></span> 
     </span>
     <span class='ocr_line' id='line_1_27' title="bbox 495 3149 1549 3244; baseline 0.002 -24"><span class='ocrx_word' id='word_1_201' title='bbox 495 3171 543 3220; x_wconf 87' lang='lat' dir='ltr'><strong>ex</strong></span> <span class='ocrx_word' id='word_1_202' title='bbox 559 3173 652 3221; x_wconf 88' lang='lat' dir='ltr'><strong>vana</strong></span> <span class='ocrx_word' id='word_1_203' title='bbox 669 3161 889 3244; x_wconf 86' lang='lat' dir='ltr'><strong>spectrorum</strong></span> <span class='ocrx_word' id='word_1_204' title='bbox 907 3149 1085 3242; x_wconf 87' lang='lat' dir='ltr'><strong>opinione,</strong></span> <span class='ocrx_word' id='word_1_205' title='bbox 1102 3150 1193 3222; x_wconf 88' lang='lat' dir='ltr'><strong>nihil</strong></span> <span class='ocrx_word' id='word_1_206' title='bbox 1209 3151 1316 3222; x_wconf 90' lang='lat' dir='ltr'><strong>citius</strong></span> <span class='ocrx_word' id='word_1_207' title='bbox 1335 3159 1400 3222; x_wconf 88' lang='lat' dir='ltr'><strong>aut</strong></span> <span class='ocrx_word' id='word_1_208' title='bbox 1417 3151 1549 3222; x_wconf 87' lang='lat' dir='ltr'><strong>certius</strong></span> 
     </span>
     <span class='ocr_line' id='line_1_28' title="bbox 495 3264 1550 3359; baseline 0.007 -27"><span class='ocrx_word' id='word_1_209' title='bbox 495 3264 692 3348; x_wconf 89' lang='lat' dir='ltr'><strong>medeatur,</strong></span> <span class='ocrx_word' id='word_1_210' title='bbox 710 3289 818 3359; x_wconf 86' lang='lat' dir='ltr'><strong>quam</strong></span> <span class='ocrx_word' id='word_1_211' title='bbox 844 3265 874 3337; x_wconf 88' lang='lat' dir='ltr'><strong>si</strong></span> <span class='ocrx_word' id='word_1_212' title='bbox 900 3265 1013 3338; x_wconf 91' lang='lat' dir='ltr'><strong>solida</strong></span> <span class='ocrx_word' id='word_1_213' title='bbox 1038 3266 1205 3358; x_wconf 78' lang='lat' dir='ltr'><strong>quaedam</strong></span> <span class='ocrx_word' id='word_1_214' title='bbox 1230 3275 1268 3338; x_wconf 91' lang='lat' dir='ltr'><strong>et</strong></span> <span class='ocrx_word' id='word_1_215' title='bbox 1288 3289 1374 3338; x_wconf 85' lang='lat' dir='ltr'><strong>vera</strong></span> <span class='ocrx_word' id='word_1_216' title='bbox 1398 3267 1550 3339; x_wconf 82' lang='lat' dir='ltr'><strong>subeant</strong></span> 
     </span>
     <span class='ocr_line' id='line_1_29' title="bbox 494 3377 1551 3472; baseline 0.004 -24"><span class='ocrx_word' id='word_1_217' title='bbox 494 3377 664 3469; x_wconf 90' lang='lat' dir='ltr'><strong>pericula,</strong></span> <span class='ocrx_word' id='word_1_218' title='bbox 690 3403 772 3472; x_wconf 88' lang='lat' dir='ltr'><strong>quae</strong></span> <span class='ocrx_word' id='word_1_219' title='bbox 797 3380 915 3452; x_wconf 86' lang='lat' dir='ltr'><strong>subito</strong></span> <span class='ocrx_word' id='word_1_220' title='bbox 944 3381 982 3451; x_wconf 92' lang='lat' dir='ltr'><strong>in</strong></span> <span class='ocrx_word' id='word_1_221' title='bbox 1013 3403 1051 3452; x_wconf 89' lang='lat' dir='ltr'><strong>se</strong></span> <span class='ocrx_word' id='word_1_222' title='bbox 1079 3381 1247 3472; x_wconf 84' lang='lat' dir='ltr'><strong>pavidam</strong></span> <span class='ocrx_word' id='word_1_223' title='bbox 1277 3393 1437 3454; x_wconf 87' lang='lat' dir='ltr'><strong>mentem</strong></span> <span class='ocrx_word' id='word_1_224' title='bbox 1466 3405 1551 3454; x_wconf 88' lang='lat' dir='ltr'><strong>oon-</strong></span> 
     </span>
    </p>
   </div>
   <div class='ocr_carea' id='block_1_3' title="bbox 358 3502 648 3572">
    <p class='ocr_par' dir='ltr' id='par_1_4' title="bbox 358 3502 648 3572">
     <span class='ocr_line' id='line_1_30' title="bbox 358 3502 648 3572; baseline 0.007 -12"><span class='ocrx_word' id='word_1_225' title='bbox 358 3552 368 3572; x_wconf 80' lang='lat'><strong>,</strong></span> <span class='ocrx_word' id='word_1_226' title='bbox 496 3502 648 3563; x_wconf 87' lang='lat' dir='ltr'><strong>vertant.</strong></span> 
     </span>
    </p>
   </div>
   <div class='ocr_carea' id='block_1_4' title="bbox 495 3608 1550 4050">
    <p class='ocr_par' dir='ltr' id='par_1_5' title="bbox 495 3608 1550 4050">
     <span class='ocr_line' id='line_1_31' title="bbox 545 3608 1550 3706; baseline 0.006 -28"><span class='ocrx_word' id='word_1_227' title='bbox 545 3609 570 3678; x_wconf 88' lang='lat' dir='ltr'>J</span> <span class='ocrx_word' id='word_1_228' title='bbox 571 3631 630 3678; x_wconf 88' lang='lat' dir='ltr'><strong>am</strong></span> <span class='ocrx_word' id='word_1_229' title='bbox 646 3608 784 3679; x_wconf 84' lang='lat' dir='ltr'><strong>veroin</strong></span> <span class='ocrx_word' id='word_1_230' title='bbox 806 3609 959 3695; x_wconf 89' lang='lat' dir='ltr'><strong>Gaudio,</strong></span> <span class='ocrx_word' id='word_1_231' title='bbox 976 3610 1109 3694; x_wconf 90' lang='lat' dir='ltr'><strong>Luctu,</strong></span> <span class='ocrx_word' id='word_1_232' title='bbox 1126 3610 1390 3698; x_wconf 83' lang='lat' dir='ltr'><strong>Admiratione,</strong></span> <span class='ocrx_word' id='word_1_233' title='bbox 1407 3623 1446 3684; x_wconf 87' lang='lat' dir='ltr'><strong>et</strong></span> <span class='ocrx_word' id='word_1_234' title='bbox 1461 3636 1550 3706; x_wconf 91' lang='lat' dir='ltr'><strong>quo-</strong></span> 
     </span>
     <span class='ocr_line' id='line_1_32' title="bbox 495 3724 1550 3818; baseline 0.004 -24"><span class='ocrx_word' id='word_1_235' title='bbox 495 3747 636 3818; x_wconf 91' lang='lat' dir='ltr'><strong>cunque</strong></span> <span class='ocrx_word' id='word_1_236' title='bbox 659 3724 805 3795; x_wconf 91' lang='lat' dir='ltr'><strong>demum</strong></span> <span class='ocrx_word' id='word_1_237' title='bbox 830 3735 931 3796; x_wconf 94' lang='lat' dir='ltr'><strong>motu</strong></span> <span class='ocrx_word' id='word_1_238' title='bbox 954 3725 1067 3796; x_wconf 90' lang='lat' dir='ltr'><strong>animi</strong></span> <span class='ocrx_word' id='word_1_239' title='bbox 1089 3725 1142 3797; x_wconf 86' lang='lat' dir='ltr'><strong>ita</strong></span> <span class='ocrx_word' id='word_1_240' title='bbox 1164 3749 1202 3796; x_wconf 89' lang='lat' dir='ltr'><strong>se</strong></span> <span class='ocrx_word' id='word_1_241' title='bbox 1224 3749 1301 3798; x_wconf 88' lang='lat' dir='ltr'><strong>rem</strong></span> <span class='ocrx_word' id='word_1_242' title='bbox 1327 3728 1469 3810; x_wconf 84' lang='lat' dir='ltr'><strong>habere,</strong></span> <span class='ocrx_word' id='word_1_243' title='bbox 1486 3749 1550 3798; x_wconf 86' lang='lat' dir='ltr'><strong>ex-</strong></span> 
     </span>
     <span class='ocr_line' id='line_1_33' title="bbox 496 3840 1547 3935; baseline 0.001 -22"><span class='ocrx_word' id='word_1_244' title='bbox 496 3841 622 3934; x_wconf 87' lang='lat' dir='ltr'><strong>emplis</strong></span> <span class='ocrx_word' id='word_1_245' title='bbox 639 3841 703 3911; x_wconf 88' lang='lat' dir='ltr'><strong>vix</strong></span> <span class='ocrx_word' id='word_1_246' title='bbox 725 3865 813 3934; x_wconf 89' lang='lat' dir='ltr'><strong>opus</strong></span> <span class='ocrx_word' id='word_1_247' title='bbox 834 3851 889 3912; x_wconf 89' lang='lat' dir='ltr'><strong>est</strong></span> <span class='ocrx_word' id='word_1_248' title='bbox 905 3851 948 3912; x_wconf 92' lang='lat' dir='ltr'><strong>ut</strong></span> <span class='ocrx_word' id='word_1_249' title='bbox 964 3841 1123 3923; x_wconf 87' lang='lat' dir='ltr'><strong>doceam,</strong></span> <span class='ocrx_word' id='word_1_250' title='bbox 1141 3864 1223 3912; x_wconf 92' lang='lat' dir='ltr'><strong>cum</strong></span> <span class='ocrx_word' id='word_1_251' title='bbox 1240 3840 1279 3912; x_wconf 91' lang='lat' dir='ltr'><strong>id</strong></span> <span class='ocrx_word' id='word_1_252' title='bbox 1295 3842 1413 3935; x_wconf 83' lang='lat' dir='ltr'><strong>quivis</strong></span> <span class='ocrx_word' id='word_1_253' title='bbox 1430 3865 1496 3934; x_wconf 87' lang='lat' dir='ltr'><strong>pm</strong></span> <span class='ocrx_word' id='word_1_254' title='bbox 1510 3865 1547 3914; x_wconf 87' lang='lat' dir='ltr'><strong>se</strong></span> 
     </span>
     <span class='ocr_line' id='line_1_34' title="bbox 496 3955 1547 4050; baseline -0.001 -23"><span class='ocrx_word' id='word_1_255' title='bbox 496 3957 600 4030; x_wconf 85' lang='lat' dir='ltr'><strong>facile</strong></span> <span class='ocrx_word' id='word_1_256' title='bbox 625 3967 757 4030; x_wconf 87' lang='lat' dir='ltr'><strong>cernet.</strong></span> <span class='ocrx_word' id='word_1_257' title='bbox 808 3957 996 4048; x_wconf 87' lang='lat' dir='ltr'><strong>Sapienter</strong></span> <span class='ocrx_word' id='word_1_258' title='bbox 1013 3957 1158 4050; x_wconf 91' lang='lat' dir='ltr'><strong>quidem</strong></span> <span class='ocrx_word' id='word_1_259' title='bbox 1179 3959 1226 4028; x_wconf 86' lang='lat' dir='ltr'><strong>ab</strong></span> <span class='ocrx_word' id='word_1_260' title='bbox 1242 3955 1466 4030; x_wconf 86' lang='lat' dir='ltr'><strong>Atheniense</strong></span> <span class='ocrx_word' id='word_1_261' title='bbox 1487 3958 1547 4028; x_wconf 90' lang='lat' dir='ltr'><strong>illo</strong></span> 
     </span>
    </p>
   </div>
   <div class='ocr_carea' id='block_1_5' title="bbox 0 0 1792 5575">
    <p class='ocr_par' dir='ltr' id='par_1_6' title="bbox 0 0 1792 5575">
     <span class='ocr_line' id='line_1_35' title="bbox 0 0 1792 5575; baseline 0 0"><span class='ocrx_word' id='word_1_262' title='bbox 0 0 1792 5575; x_wconf 95' lang='lat' dir='ltr'><strong> </strong></span> 
     </span>
    </p>
   </div>
  </div>
 </body>
</html>
