3559 5575
516 223 581 288 124
882 213 1006 281 PARS
1029 215 1192 280 PRIMA
1374 217 1500 283 Pan..
1519 218 1599 284 IX.

564 394 647 476 Quo
663 391 701 462 in
718 413 850 487 genere
873 413 950 483 prae
967 388 1198 462 Terentianis
1222 389 1390 460 omuibus
1415 393 1597 483 palmam

514 510 619 582 facile
635 509 706 580 fert
723 507 886 598 Sostrata
902 508 941 577 in
960 506 1127 597 Hecyraz
1154 527 1265 598 quam
1289 505 1439 598 quidam
1465 529 1522 578 eo
1547 509 1597 580 li-

515 624 657 702 bentius
682 645 833 715 appono,
851 621 938 713 quia
962 620 1037 691 sive
1062 620 1101 690 id
1123 642 1234 712 pravo
1256 621 1393 692 facturn
1416 621 1467 694 sit
1480 624 1596 716 judi-

515 739 581 821 cio,
598 737 673 808 sive
698 735 751 808 ita
773 735 898 808 tulerit
918 735 1023 806 istius
1040 734 1126 805 vitae
1150 735 1256 821 ratio,
1272 745 1315 806 ut
1330 735 1507 807 foeminas
1531 761 1594 808 re-

514 857 581 926 bus
598 852 745 948 agendis
762 852 934 923 interesse
946 874 1017 921 non
1031 851 1227 922 admodum
1240 852 1395 933 deceret,
1408 861 1478 922 aut
1493 875 1592 944 qua-

515 993 657 1064 cunque
673 968 819 1038 demum
842 991 889 1038 ex
910 990 1018 1038 causa
1040 967 1213 1054 evenerit,
1230 977 1328 1038 certe
1350 967 1389 1036 in
1414 969 1588 1039 moribus

515 1108 639 1159 earum
658 1083 881 1155 familiariter
894 1082 1117 1175 explicandis
1129 1105 1257 1176 parum
1269 1081 1400 1153 laboris
1413 1083 1586 1174 posuisse

516 1202 685 1274 videntur
708 1214 826 1292 poetae
844 1209 994 1270 veteres.
1045 1197 1098 1269 Et
1115 1197 1275 1290 profecto
1297 1198 1456 1291 siquam
1472 1198 1586 1270 fabu-

514 1325 587 1394 lam
612 1320 836 1392 nominarem
866 1328 909 1389 ut
933 1339 1009 1409 prae
1033 1315 1174 1387 caeteris
1199 1325 1297 1387 recte
1321 1326 1520 1399 moratam,
1541 1327 1583 1388 et

515 1459 607 1530 quoe,
624 1447 666 1507 ut
683 1435 806 1507 Critici
826 1432 943 1505 verbis
959 1442 1054 1515 utar,
1071 1430 1149 1502 sina
1170 1430 1328 1524 pondere
1348 1442 1386 1502 et
1402 1441 1485 1502 arte
1509 1434 1581 1503 hac

516 1574 588 1621 una
613 1550 751 1622 ratione
777 1551 1000 1640 voluptatem
1024 1547 1154 1641 pariat,
1176 1548 1273 1619 ultra
1295 1547 1481 1640 Hecyram
1505 1548 1581 1619 Te-

515 1664 623 1736 rentii
640 1663 703 1733 vix
721 1662 1010 1754 prospiciendum
1026 1673 1126 1756 puto.

566 1779 687 1850 Plauti
713 1789 847 1863 autem,
870 1788 1055 1871 utcunque
1080 1788 1159 1850 arte
1183 1789 1221 1850 et
1239 1787 1440 1861 venustate,
1456 1777 1577 1872 iisque

516 1896 680 1968 omnibus
707 1919 787 1990 quoe
814 1895 851 1966 in
885 1905 1012 1987 pectus
1039 1895 1133 1966 viam
1159 1895 1325 1988 aperiunt
1350 1918 1374 1966 a
1398 1895 1576 1967 Terentio

515 2013 621 2107 longe
638 2011 742 2094 absit,
759 2010 905 2081 uberius
928 2021 1051 2081 tamen
1076 2010 1186 2082 fuisse
1211 2010 1397 2105 ingenium
1423 2009 1461 2080 in
1479 2011 1575 2082 vari·

515 2129 618 2200 andis
644 2127 811 2211 moribus,
836 2125 953 2220 iisque
978 2125 1085 2196 simul
1114 2125 1163 2196 ad
1187 2125 1272 2196 ritae
1298 2127 1485 2217 exemplar
1508 2149 1573 2198 ex-

515 2245 667 2342 igendis,
695 2245 800 2316 facile
833 2253 985 2315 constat.
1036 2242 1179 2336 Quippe
1213 2243 1346 2339 exigua
1375 2243 1570 2315 admodum

516 2374 570 2433 est
599 2361 637 2432 in
664 2360 836 2433 Terentio
866 2381 1098 2452 personarum
1125 2358 1301 2430 varietas:
1331 2357 1503 2431 continuo
1530 2359 1569 2431 in

514 2476 642 2547 iisdem
667 2477 742 2546 fere
767 2475 943 2570 angustiis
960 2475 1125 2547 vertitur.
1177 2474 1245 2546 Ille
1261 2478 1354 2547 alter
1369 2475 1515 2547 liberius
1529 2477 1569 2547 in

516 2591 809 2663 consuetudinem
827 2590 915 2660 vitae
931 2590 1104 2672 excurrit,
1120 2613 1168 2661 ex
1190 2591 1340 2662 diversis
1362 2591 1569 2684 quaestibus,

516 2705 685 2790 artificiis,
702 2705 830 2777 studiis
849 2705 1046 2791 hominum,
1064 2707 1251 2778 materiem
1268 2707 1380 2778 sumit
1392 2707 1481 2779 sririz
1506 2709 1570 2779 ha·

516 2826 577 2895 bet
597 2822 755 2917 quidem,
779 2822 833 2893 uti
859 2822 994 2905 caeteri,
1018 2823 1258 2895 adolescentes
1283 2823 1462 2919 prodigos,
1479 2824 1568 2895 dilli-

515 2939 600 3035 ciles
625 2963 737 3023 senes,
758 2938 933 3032 parasitos
957 2938 1104 3021 edaces3
1130 2940 1193 3010 sed
1210 2940 1450 3011 Mercatorem
1466 2941 1566 3012 illum

514 3056 552 3127 in
569 3055 739 3129 Asinaria
755 3066 890 3150 quanta
908 3064 986 3126 arte
1006 3054 1129 3146 paucis
1154 3054 1393 3143 adumbravit,
1408 3065 1565 3140 cautum,

515 3175 707 3256 oculatum,
724 3173 951 3266 prudentem,
968 3178 1110 3261 septum
1133 3170 1292 3264 undique
1317 3180 1355 3241 et
1375 3170 1563 3255 munitum,

515 3312 581 3360 uec
607 3287 801 3373 blanditiis,
832 3308 898 3358 nec
928 3284 1156 3369 contumelia,
1183 3308 1250 3357 nec
1280 3286 1443 3358 irrisione
1471 3310 1565 3358 com-

517 3413 665 3485 motum,
692 3427 763 3496 quo
791 3402 882 3473 lucri
912 3400 1152 3484 obliviscatur,
1182 3413 1220 3473 et
1244 3424 1322 3473 rem
1350 3403 1387 3473 iu
1418 3401 1564 3495 ancipiti

514 3528 635 3611 ponat.
686 3519 783 3588 Tum
804 3518 982 3590 Avaritiae
1007 3518 1128 3588 sordes
1153 3542 1196 3589 ac
1225 3520 1380 3606 miseria,
1405 3519 1468 3589 ubi
1493 3542 1564 3589 me·

445 3700 449 3709 .
514 3633 584 3703 lius
607 3634 749 3726 depicta
772 3644 969 3704 cernuntur
985 3656 1094 3727 quam
1112 3634 1150 3704 in
1168 3636 1328 3729 ejusdem
1347 3635 1562 3707 Aulularia?

514 3750 637 3821 Avaro
654 3773 793 3843 semper
808 3750 845 3820 in
860 3772 922 3820 ore
933 3760 1137 3842 paupertas,
1151 3752 1272 3824 animo
1284 3775 1424 3845 semper
1434 3751 1563 3823 insidet

514 3864 674 3935 thesauri
702 3888 807 3935 cura:
842 3866 923 3934 haec
951 3886 1035 3934 eum
1065 3876 1238 3957 perpetuo
1253 3866 1409 3959 exedit:
1435 3868 1501 3936 hac
1525 3889 1562 3936 se

514 3980 671 4053 cruciat:
697 3980 781 4051 hinc
804 4003 928 4050 omnes
951 3977 1128 4051 malitiose
1151 3981 1327 4068 observat,
1344 3982 1461 4064 timet,
1478 3980 1560 4052 odit.

514 4097 551 4169 Si
578 4098 674 4191 quod
697 4097 788 4169 sorte
813 4097 960 4168 verbum
988 4094 1033 4165 de
1061 4094 1196 4166 divitiis
1223 4120 1270 4167 ex
1297 4096 1476 4191 loquantis
1503 4119 1560 4166 ore
