3559 5575
159 4123 362 4278 Ὗ

160 4348 654 4878 ὦ

943 106 1072 176 276
1589 103 1836 168 PARS
1885 99 2329 167 SECUNDA
2569 99 2806 165 Pur..
2836 99 3064 169 XXI.

1200 277 1398 340 Ἀλλὰ
1423 277 1537 338 Ζεῦ
1564 273 1837 358 πάνδωρε,
1866 271 2205 353 κελαινοφὶς,
2234 267 2633 357 ἇρχικὲραυνο,

1198 374 1538 463 Ἀνθρῶπους
1566 374 1709 462 ῥύοιο
1739 372 2093 459 ἁπιροσῦνης
2123 371 2234 436 ἀπὸ
2265 377 2499 457 λυγρῆς,

1189 477 1312 542 Ἢν
1339 478 1435 557 σὺ,
1464 477 1667 562 πάτερ,
1700 476 1977 540 σκέδασον
2004 478 2198 562 ψυχῆς
2227 471 2361 551 ἄπο,
2391 474 2477 548 δὸς
2506 474 2560 537 δὶ
2594 479 2828 559 κυρῆσαι

1073 598 1086 609 ·
1203 580 1459 663 Γνώμης,
1489 576 1522 664 ᾖ
1549 578 1772 653 πίσυνος
1803 579 1877 640 σὺ
1904 576 2053 654 δίκης
2082 576 2232 654 μέτα
2261 576 2451 640 πάντα
2481 578 2769 662 κυβερνᾷς,

1189 680 1361 767 Ὄφρ’
1394 679 1463 744 ἂν
1488 679 1801 763 τιμηθέντος
1831 677 2234 761 ἁμειβῶμεσθᾶ
2263 702 2332 740 σε
2359 683 2519 764 τιμῇ,

1196 782 1525 865 ’Τμνοῦντες
1553 786 1630 845 τοὶ
1660 786 1740 845 σοὶ
1771 781 1913 867 ἔργα
1944 781 2197 858 Sinum,
2228 784 2301 854 οὖς
2331 779 2541 844 ἐπέοικε

1204 885 1423 961 &mbr
1454 883 1607 945 ἐόντ’·
1643 884 1756 945 ἐπεὶ
1788 880 1911 946 οὔτε
1942 885 2159 966 βροτοῖς
2190 881 2363 966 γέρας
2392 879 2541 944 ἄλλο
2571 907 2625 944 τι
2654 884 2862 963 μεῖζον,

1201 983 1356 1048 Οὔτε
1388 985 1540 1064 θεοῖς,
1570 982 1602 1061 ἢ
1634 986 1806 1048 κοινὸν
1836 985 1922 1048 ἀεὶ
1954 984 2113 1064 νόμον
2145 986 2199 1045 ἐν
2229 982 2349 1069 δίκῃ
2379 987 2585 1065 ὑμνεῖν.

1046 1093 1293 1163 Pauca
1338 1089 1616 1162 interea
1666 1089 1757 1160 de
1806 1088 2088 1160 Latinis
2135 1087 2441 1159 dicenda
2488 1099 2658 1159 sunt
2690 1088 2816 1181 qui
2850 1112 3067 1183 argu-

944 1218 1271 1279 mentum
1323 1205 1515 1277 idem
1570 1205 1901 1299 attigere.
2005 1203 2130 1274 Ex
2176 1203 2291 1274 his
2325 1213 2570 1274 autem
2606 1214 2873 1296 praeter
2910 1205 3063 1276 Ho-

942 1323 1210 1393 ratium
1247 1332 1322 1393 et
1354 1320 1743 1415 Virgilium
1779 1319 2144 1391 neminem
2179 1318 2454 1390 Graecis
2500 1321 3059 1412 comparandum

943 1437 1308 1507 habemus,
1415 1435 1749 1506 Profecto
1800 1458 2015 1528 quam
2071 1437 2253 1507 bene
2304 1437 2464 1507 haec
2511 1459 2626 1507 res
2671 1438 2852 1527 lyrae
2897 1458 3064 1506 con-

943 1550 1187 1622 veniat
1209 1537 1375 1622 'non
1428 1551 1788 1646 ignoravit
1844 1550 2216 1635 HoratiuS‚
2267 1552 2392 1622 sed
2445 1551 2573 1622 vix
2629 1574 2853 1622 unum
2908 1553 3063 1645 ejus

943 1677 1072 1738 aut
1107 1669 1414 1739 alterum
1450 1666 1738 1738 invenio
1773 1669 1968 1761 quod
2004 1669 2097 1738 ad
2135 1667 2431 1738 Pindari
2468 1667 2921 1762 majestatem
2956 1690 3066 1737 as-

944 1783 1195 1878 surgit.
1307 1783 1615 1877 Virgilio
1684 1807 1855 1853 suus
1924 1806 2205 1874 semper
2272 1793 2554 1854 constat
2613 1784 2840 1853 honor
2904 1781 3066 1874 (ali-

946 1908 1218 1992 quanto
1250 1898 1548 1969 fortasse
1587 1898 1909 1969 Homero
1945 1898 2249 1991 minor);
2299 1921 2558 1989 nempe
2592 1897 2719 1991 qui
2750 1897 2890 1968 ista
2923 1898 3066 1968 vir·

946 2022 1106 2085 tute
1154 2013 1502 2106 imprimis
1551 2015 1817 2107 polleat
1851 2023 1935 2084 ut
1970 2013 2363 2085 sententias
2408 2014 2502 2085 de
2546 2014 2756 2084 rebus
2803 2011 3065 2083 divinis

948 2141 1115 2222 apte
1151 2133 1471 2214 collocet,
1507 2131 1631 2202 ubi
1663 2140 1738 2202 et
1770 2130 2083 2226 gratiam
2118 2131 2384 2203 addere
2418 2130 2735 2223 poemati
2766 2129 3065 2223 possint,

946 2254 1021 2315 et
1054 2246 1231 2338 ipsae
1265 2248 1607 2319 lectorem
1645 2249 1912 2342 majore
1948 2247 2020 2317 vi
2052 2247 2338 2319 feriant.

1125 2411 1365 2472 Saxum
1394 2409 1616 2496 ingens
1646 2409 1915 2475 volvunt
1941 2410 2069 2488 alii,
2102 2410 2420 2497 radiisque
2447 2423 2731 2473 rotarum

1125 2509 1411 2574 Districti
1440 2510 1758 2597 pendentz
1807 2511 2005 2590 sedet,
2037 2525 2473 2599 aeternumque
2502 2509 2765 2587 sedebit,

1124 2610 1361 2675 Infelix
1392 2613 1721 2688 Theseum
1774 2613 2222 2702 Phlegyasque
2252 2612 2637 2678 miserrimus
2664 2633 2881 2675 omnes

1122 2712 1473 2794 Admonet,
1503 2727 1568 2778 et
1597 2736 1831 2802 magna
1860 2728 2127 2780 testatur
2154 2738 2309 2780 voce
2338 2738 2451 2803 per
2481 2715 2763 2793 umbras,

1122 2818 1370 2881 Discite
1405 2818 1746 2904 just-itiam
1773 2821 2023 2898 moniti,
2054 2828 2114 2883 et
2142 2840 2272 2883 non
2301 2828 2574 2883 temnere
2603 2818 2834 2882 Divos.

2471 2922 2633 2985 ΕΝ.
2667 2921 2792 2985 VI.
2824 2917 2977 2984 616.

951 3053 1187 3134 Quem
1234 3053 1526 3146 quidem
1566 3074 1851 3124 versum
1900 3052 1959 3122 si
2006 3053 2166 3145 quis
2219 3055 2491 3147 legeret
2542 3051 2619 3122 in
2677 3047 3072 3146 μονοστίχοις

951 3167 1089 3238 illis
1157 3192 1322 3261 quae
1394 3169 2014 3264 Pythagoreorum
2081 3168 2374 3240 nomine
2440 3167 3069 3252 circumferuntur,

952 3282 1076 3350 vix
1112 3294 1239 3354 aut
1268 3306 1358 3353 ne
1385 3284 1511 3354 vix
1545 3285 1834 3377 quidem
1874 3283 2238 3354 memoriae
2272 3284 2717 3379 infigendum
2752 3294 3068 3375 putaret.

951 3397 1246 3488 Optime
1280 3398 1532 3469 itidem
1567 3422 1731 3491 quae
1765 3401 1839 3470 in
1875 3400 2227 3493 principio
2272 3399 2613 3472 orationis
2660 3422 2901 3470 coram
2934 3398 3071 3470 Di-

956 3513 1140 3583 done
1206 3513 1475 3583 habitae
1544 3514 1860 3586 Ilioneus
1928 3515 2191 3608 posuit,
2253 3515 2366 3586 his
2434 3538 2599 3609 quae
2666 3524 3072 3609 sequuntur

956 3638 1245 3700 struunt
1280 3628 1494 3699 viam.

1130 3780 1198 3847 si
1227 3804 1430 3869 genus
1458 3780 1832 3861 humanum,
1863 3798 1927 3847 et
1956 3782 2247 3848 mortalia
2274 3781 2550 3847 temnitis
2578 3804 2775 3860 arma,

1129 3887 1226 3949 At
1255 3899 1498 3972 sperate
1530 3882 1704 3949 Deos
1731 3904 2047 3949 memores
2067 3883 2245 3949 fandi
2274 3900 2467 3972 atque
2496 3881 2774 4049 negssdii
2828 3986 2960 4049 ⁵42

3366 2346 3382 2515 Q-—
