3559 5575
521 121 587 187 466
890 116 1012 181 PARS
1034 115 1218 180 TERTIA
1275 116 1389 179 Pasa.
1405 113 1583 180 XXXIV.

519 295 660 367 ratione
693 291 873 385 paulisper
901 291 1088 383 explorata
1116 287 1302 360 commode
1332 287 1502 359 faetums
1534 288 1584 358 ri·

522 413 620 482 deor.

571 525 642 597 Est
662 523 787 619 igitur,
809 524 904 595 sicut
927 522 1080 593 antehac
1105 518 1244 591 dietum
1269 517 1352 602 fuit,
1371 519 1583 590 Phantasiae

519 639 696 733 imprimis
712 640 909 731 proprium,
926 648 969 707 ut
985 636 1057 707 levi
1077 636 1336 730 significatione
1359 635 1458 706 sacta
1484 636 1583 707 intus

519 757 657 828 fervere
685 755 846 847 incipiat,
872 764 910 826 et
935 751 1122 824 materiem
1153 750 1238 821 olim
1269 760 1450 842 repostam
1482 752 1581 820 miris

520 871 636 942 modis
665 872 713 942 ed
743 870 931 941 arbitrium
963 890 1069 939 suum
1099 867 1245 961 fingere.
1296 867 1404 948 Quod
1433 867 1580 959 quidem

519 987 698 1081 plerisque
715 987 815 1056 nulla
829 996 929 1056 certa
950 983 1091 1054 ratione
1113 982 1251 1053 factum
1268 981 1423 1052 videtur.
1477 981 1580 1077 Vaga

520 1103 694 1174 nimirum
715 1123 837 1173 rerum
857 1100 1047 1171 simulacra
1068 1097 1301 1191 quantumvis
1326 1096 1466 1180 dissita,
1482 1101 1579 1168 velut

521 1218 561 1290 in
574 1216 719 1303 somnis,
732 1217 830 1288 nasci
844 1217 934 1286 adeo
950 1225 1059 1308 atque
1071 1213 1219 1284 interire
1232 1212 1485 1284 aiunt-nunc
1501 1235 1577 1304 per-

522 1339 633 1423 petuo
658 1351 765 1400 eursu
794 1351 832 1398 se
861 1326 1016 1397 invicem
1046 1325 1294 1418 sequi—nunc
1323 1349 1425 1397 verso
1454 1326 1577 1397 ordine

521 1444 705 1526 confundi,
733 1454 771 1516 et
800 1443 903 1536 quasi
937 1441 1090 1512 nubibus
1120 1442 1284 1512 obductis
1312 1445 1463 1514 obseura
1492 1441 1575 1513 fieri.

521 1559 643 1629 Laxos
659 1559 786 1652 utique
802 1559 960 1628 habenas
977 1566 1136 1628 mentem
1158 1567 1247 1629 tunc
1269 1558 1441 1651 temporis
1464 1559 1576 1628 effun-

521 1673 617 1756 dere,
634 1696 751 1767 neque
773 1671 1034 1768 cogitationum
1058 1672 1186 1744 seriem
1211 1674 1284 1744 ullo
1307 1673 1458 1766 imperio
1484 1675 1577 1744 coer-

522 1811 691 1860 oere-se
708 1789 813 1859 rebus
830 1809 903 1858 non
927 1786 994 1857 sibi
1015 1809 1073 1858 res
1096 1788 1397 1860 submittere-et
1413 1788 1575 1860 resolutis

521 1926 665 1997 prorsus
683 1902 816 1973 viribus
831 1900 1077 1972 incredibilem
1095 1923 1143 1972 ex
1160 1904 1229 1973 hoc
1245 1901 1319 1973 otio
1343 1903 1502 1996 ludoque
1519 1926 1576 1972 vo-

522 2019 701 2111 luptatem
719 2041 856 2110 capere.

576 2133 675 2205 Hinc
699 2133 888 2226 praeceptis
912 2135 1031 2204 locum
1056 2155 1133 2203 esse
1158 2142 1293 2228 negant
1316 2134 1491 2216 nonnulli,
1511 2134 1576 2204 ista

523 2248 659 2321 scilicet
670 2250 708 2320 in
722 2273 761 2321 re
773 2273 856 2343 quae
869 2259 1056 2341 tantopere
1069 2272 1117 2319 ex
1130 2251 1303 2342 cujusque
1320 2248 1433 2319 animi
1448 2261 1576 2320 natura

523 2364 689 2455 pendeat.
741 2365 870 2458 Neque
886 2387 972 2434 sane
989 2363 1228 2434 dubitandum
1246 2364 1400 2446 videtur,
1418 2363 1507 2456 quin
1523 2386 1575 2434 res

523 2479 638 2571 magis
654 2479 793 2550 incerta
804 2481 862 2566 sit,
876 2479 1060 2574 magisque
1077 2478 1115 2548 in
1133 2477 1339 2549 auditorum
1356 2478 1502 2574 ingenio
1518 2501 1575 2570 po-

522 2591 603 2675 sita,
616 2613 725 2684 quam
739 2606 824 2665 sunt
837 2594 985 2688 reliquae
998 2616 1143 2686 poeseos
1156 2603 1275 2687 partes
1291 2617 1374 2686 quae
1392 2594 1574 2664 effectibus

523 2706 708 2801 movendis
728 2718 766 2778 et
781 2707 984 2778 imitatione
1007 2719 1184 2780 constant.
1236 2709 1379 2803 Quippe
1403 2709 1502 2802 apud
1527 2708 1575 2780 di·

523 2823 742 2896 versissimas
767 2824 931 2896 nationes
956 2824 1083 2897 eadem
1108 2827 1220 2897 ferme
1242 2826 1376 2919 ubique
1399 2836 1454 2897 est
1473 2827 1575 2897 affec·

524 2949 641 3024 tuum,
658 2942 785 3013 eadem
801 2939 1013 3012 imitationis
1029 2964 1176 3012 norma:
1203 2951 1242 3011 at
1259 2941 1467 3013 Phantasioe
1490 2942 1575 3013 adeo

524 3055 625 3127 varia
641 3066 696 3128 est
708 3081 751 3127 ac
768 3056 959 3149 multiplex
975 3064 1116 3140 natura,
1129 3067 1171 3125 ut
1184 3054 1263 3125 aliis
1276 3055 1346 3125 alia
1363 3078 1508 3148 prorsus
1523 3080 1576 3129 res

523 3170 701 3255 videatur,
726 3182 838 3265 prout
859 3171 1020 3243 homines
1044 3180 1165 3265 gente,
1190 3171 1291 3253 eoelo,
1316 3170 1472 3254 fortuna,
1499 3172 1578 3243 reli-

523 3282 642 3376 gione,
655 3286 784 3357 studiis
800 3286 955 3379 denique
971 3295 1035 3355 aut
1049 3283 1135 3354 vitae
1147 3285 1265 3355 colore
1281 3283 1377 3355 inter
1393 3308 1431 3355 se
1447 3284 1578 3356 disere

523 3410 622 3488 pent.
673 3402 856 3495 Quicquid
872 3400 968 3473 enim
985 3410 1050 3471 aut
1062 3399 1222 3471 sensibus
1239 3409 1385 3494 gratum
1401 3400 1499 3471 ultro
1515 3412 1578 3473 aut

524 3534 591 3581 usu
616 3515 821 3605 jucundum
845 3516 967 3598 fuerit,
994 3515 1090 3587 idem
1118 3527 1156 3587 et
1182 3515 1342 3610 cogitatu
1356 3516 1476 3587 dulce
1503 3539 1579 3587 esse

529 3626 658 3719 (vacuo
674 3630 874 3720 praesertim
892 3641 930 3701 et
946 3630 1074 3703 feriato
1094 3630 1229 3722 animo)
1250 3631 1412 3703 fatentur
1433 3652 1578 3703 omnes:

525 3744 572 3816 ad
597 3744 694 3839 quod
719 3744 831 3841 igitur
856 3768 957 3817 mens
987 3746 1080 3847 curis
1105 3745 1329 3840 negotiisque
1354 3746 1477 3831 libera,
1500 3757 1581 3818 tan-

525 3885 634 3955 quam
652 3863 698 3933 ad
719 3864 904 3933 hortorum
928 3862 1084 3948 delicias,
1101 3863 1191 3933 solet
1207 3862 1411 3956 confugere,
1428 3873 1472 3933 ut
1487 3886 1581 3956 prm·

525 3978 644 4050 teritae
660 3978 763 4071 quasi
779 3977 973 4070 voluptatis
990 3978 1117 4048 umbra
1134 4000 1171 4048 se
1188 3978 1333 4049 reficere
1349 3976 1472 4069 possit.
