<?xml version="1.0" encoding="UTF-8"?>
<!DOCTYPE html PUBLIC "-//W3C//DTD XHTML 1.0 Transitional//EN"
    "http://www.w3.org/TR/xhtml1/DTD/xhtml1-transitional.dtd">
<html xmlns="http://www.w3.org/1999/xhtml" xml:lang="en" lang="en">
 <head>
  <title>
</title>
<meta http-equiv="Content-Type" content="text/html;charset=utf-8" />
  <meta name='ocr-system' content='tesseract 3.04.00' />
  <meta name='ocr-capabilities' content='ocr_page ocr_carea ocr_par ocr_line ocrx_word'/>
</head>
<body>
  <div class='ocr_page' id='page_1' title='image "./praelectionesac00coplgoog_0138.png"; bbox 0 0 3559 5575; ppageno 0'>
   <div class='ocr_carea' id='block_1_1' title="bbox 437 227 2579 303">
    <p class='ocr_par' dir='ltr' id='par_1_1' title="bbox 437 227 2579 303">
     <span class='ocr_line' id='line_1_1' title="bbox 437 227 2579 303; baseline 0.001 -3"><span class='ocrx_word' id='word_1_1' title='bbox 437 227 678 301; x_wconf 71' lang='lat' dir='ltr'><strong>Pux„</strong></span> <span class='ocrx_word' id='word_1_2' title='bbox 715 232 841 300; x_wconf 80' lang='lat' dir='ltr'><strong>IX.</strong></span> <span class='ocrx_word' id='word_1_3' title='bbox 1103 237 1237 303; x_wconf 86' lang='lat' dir='ltr'><strong>DE</strong></span> <span class='ocrx_word' id='word_1_4' title='bbox 1285 230 1921 303; x_wconf 78' lang='lat' dir='ltr'><strong>IMITATIONE.</strong></span> <span class='ocrx_word' id='word_1_5' title='bbox 2448 235 2579 302; x_wconf 74' lang='lat'><strong>152³</strong></span> 
     </span>
    </p>
   </div>
   <div class='ocr_carea' id='block_1_2' title="bbox 438 407 2579 2123">
    <p class='ocr_par' dir='ltr' id='par_1_2' title="bbox 438 407 2577 623">
     <span class='ocr_line' id='line_1_2' title="bbox 438 407 2577 504; baseline 0.001 -25"><span class='ocrx_word' id='word_1_6' title='bbox 438 410 526 480; x_wconf 80' lang='lat' dir='ltr'><strong>in</strong></span> <span class='ocrx_word' id='word_1_7' title='bbox 581 408 882 480; x_wconf 83' lang='lat' dir='ltr'><strong>humilia</strong></span> <span class='ocrx_word' id='word_1_8' title='bbox 933 421 1152 504; x_wconf 85' lang='lat' dir='ltr'><strong>atque</strong></span> <span class='ocrx_word' id='word_1_9' title='bbox 1202 412 1472 482; x_wconf 83' lang='lat' dir='ltr'><strong>usitata</strong></span> <span class='ocrx_word' id='word_1_10' title='bbox 1522 410 1912 483; x_wconf 79' lang='lat' dir='ltr'><strong>descendat</strong></span> <span class='ocrx_word' id='word_1_11' title='bbox 1955 430 2238 503; x_wconf 86' lang='lat' dir='ltr'><strong>poema,</strong></span> <span class='ocrx_word' id='word_1_12' title='bbox 2281 420 2359 482; x_wconf 86' lang='lat' dir='ltr'><strong>et</strong></span> <span class='ocrx_word' id='word_1_13' title='bbox 2397 407 2577 481; x_wconf 85' lang='lat' dir='ltr'><strong>dum</strong></span> 
     </span>
     <span class='ocr_line' id='line_1_3' title="bbox 442 526 2012 623; baseline -0.001 -24"><span class='ocrx_word' id='word_1_14' title='bbox 442 536 736 599; x_wconf 80' lang='lat' dir='ltr'><strong>naturae</strong></span> <span class='ocrx_word' id='word_1_15' title='bbox 768 528 1207 620; x_wconf 78' lang='lat' dir='ltr'><strong>obsequatur</strong></span> <span class='ocrx_word' id='word_1_16' title='bbox 1235 527 1580 623; x_wconf 80' lang='lat' dir='ltr'><strong>dignitati</strong></span> <span class='ocrx_word' id='word_1_17' title='bbox 1615 550 1767 599; x_wconf 81' lang='lat' dir='ltr'><strong>suae</strong></span> <span class='ocrx_word' id='word_1_18' title='bbox 1800 526 2012 598; x_wconf 79' lang='lat' dir='ltr'><strong>obsit.</strong></span> 
     </span>
    </p>

    <p class='ocr_par' dir='ltr' id='par_1_3' title="bbox 447 642 2579 1663">
     <span class='ocr_line' id='line_1_4' title="bbox 551 642 2575 738; baseline -0.001 -25"><span class='ocrx_word' id='word_1_19' title='bbox 551 642 727 713; x_wconf 82' lang='lat' dir='ltr'><strong>Alia</strong></span> <span class='ocrx_word' id='word_1_20' title='bbox 756 643 969 733; x_wconf 83' lang='lat' dir='ltr'><strong>plane</strong></span> <span class='ocrx_word' id='word_1_21' title='bbox 1011 664 1127 714; x_wconf 82' lang='lat' dir='ltr'><strong>res</strong></span> <span class='ocrx_word' id='word_1_22' title='bbox 1171 644 1414 738; x_wconf 84' lang='lat' dir='ltr'><strong>agitur</strong></span> <span class='ocrx_word' id='word_1_23' title='bbox 1455 642 1534 714; x_wconf 90' lang='lat' dir='ltr'><strong>in</strong></span> <span class='ocrx_word' id='word_1_24' title='bbox 1580 644 1997 715; x_wconf 80' lang='lat' dir='ltr'><strong>Comoedia:</strong></span> <span class='ocrx_word' id='word_1_25' title='bbox 2048 642 2177 713; x_wconf 89' lang='lat' dir='ltr'><strong>ubi</strong></span> <span class='ocrx_word' id='word_1_26' title='bbox 2224 663 2418 734; x_wconf 78' lang='lat' dir='ltr'><strong>saepe</strong></span> <span class='ocrx_word' id='word_1_27' title='bbox 2465 642 2575 725; x_wconf 82' lang='lat' dir='ltr'><strong>fit,</strong></span> 
     </span>
     <span class='ocr_line' id='line_1_5' title="bbox 447 758 2576 831; baseline -0 -2"><span class='ocrx_word' id='word_1_28' title='bbox 447 769 538 829; x_wconf 90' lang='lat' dir='ltr'><strong>ut</strong></span> <span class='ocrx_word' id='word_1_29' title='bbox 569 759 835 830; x_wconf 82' lang='lat' dir='ltr'><strong>fabulae</strong></span> <span class='ocrx_word' id='word_1_30' title='bbox 867 767 948 830; x_wconf 92' lang='lat' dir='ltr'><strong>et</strong></span> <span class='ocrx_word' id='word_1_31' title='bbox 973 761 1493 830; x_wconf 77' lang='lat' dir='ltr'><strong>sententiarum</strong></span> <span class='ocrx_word' id='word_1_32' title='bbox 1520 761 1874 831; x_wconf 86' lang='lat' dir='ltr'><strong>rationem</strong></span> <span class='ocrx_word' id='word_1_33' title='bbox 1904 758 2032 828; x_wconf 85' lang='lat' dir='ltr'><strong>vix</strong></span> <span class='ocrx_word' id='word_1_34' title='bbox 2057 760 2277 828; x_wconf 82' lang='lat' dir='ltr'><strong>ullam</strong></span> <span class='ocrx_word' id='word_1_35' title='bbox 2313 759 2576 828; x_wconf 76' lang='lat' dir='ltr'><strong>habea-</strong></span> 
     </span>
     <span class='ocr_line' id='line_1_6' title="bbox 449 878 2573 969; baseline -0.001 -23"><span class='ocrx_word' id='word_1_36' title='bbox 449 898 638 962; x_wconf 70' lang='lat' dir='ltr'><strong>mua,</strong></span> <span class='ocrx_word' id='word_1_37' title='bbox 673 878 891 947; x_wconf 89' lang='lat' dir='ltr'><strong>modo</strong></span> <span class='ocrx_word' id='word_1_38' title='bbox 925 878 1225 947; x_wconf 86' lang='lat' dir='ltr'><strong>solidam</strong></span> <span class='ocrx_word' id='word_1_39' title='bbox 1265 887 1340 948; x_wconf 91' lang='lat' dir='ltr'><strong>et</strong></span> <span class='ocrx_word' id='word_1_40' title='bbox 1375 899 1783 969; x_wconf 80' lang='lat' dir='ltr'><strong>expressam</strong></span> <span class='ocrx_word' id='word_1_41' title='bbox 1829 878 2247 947; x_wconf 84' lang='lat' dir='ltr'><strong>intueamur</strong></span> <span class='ocrx_word' id='word_1_42' title='bbox 2290 896 2573 945; x_wconf 87' lang='lat' dir='ltr'><strong>morum</strong></span> 
     </span>
     <span class='ocr_line' id='line_1_7' title="bbox 447 991 2575 1086; baseline 0 -25"><span class='ocrx_word' id='word_1_43' title='bbox 447 991 873 1086; x_wconf 80' lang='lat' dir='ltr'><strong>imaginem.</strong></span> <span class='ocrx_word' id='word_1_44' title='bbox 975 992 1423 1063; x_wconf 86' lang='lat' dir='ltr'><strong>Terentiano</strong></span> <span class='ocrx_word' id='word_1_45' title='bbox 1475 994 1598 1063; x_wconf 89' lang='lat' dir='ltr'><strong>illo</strong></span> <span class='ocrx_word' id='word_1_46' title='bbox 1656 995 2044 1064; x_wconf 86' lang='lat' dir='ltr'><strong>Chremate</strong></span> <span class='ocrx_word' id='word_1_47' title='bbox 2100 1001 2233 1063; x_wconf 88' lang='lat' dir='ltr'><strong>aut</strong></span> <span class='ocrx_word' id='word_1_48' title='bbox 2280 991 2575 1062; x_wconf 85' lang='lat' dir='ltr'><strong>Simone</strong></span> 
     </span>
     <span class='ocr_line' id='line_1_8' title="bbox 447 1105 2577 1200; baseline -0.002 -21"><span class='ocrx_word' id='word_1_49' title='bbox 447 1108 718 1200; x_wconf 84' lang='lat' dir='ltr'><strong>ecquid</strong></span> <span class='ocrx_word' id='word_1_50' title='bbox 751 1129 1073 1200; x_wconf 88' lang='lat' dir='ltr'><strong>unquam</strong></span> <span class='ocrx_word' id='word_1_51' title='bbox 1109 1107 1251 1178; x_wconf 87' lang='lat' dir='ltr'><strong>fuit</strong></span> <span class='ocrx_word' id='word_1_52' title='bbox 1283 1118 1567 1178; x_wconf 85' lang='lat' dir='ltr'><strong>naturae</strong></span> <span class='ocrx_word' id='word_1_53' title='bbox 1598 1109 1891 1200; x_wconf 85' lang='lat' dir='ltr'><strong>propius</strong></span> <span class='ocrx_word' id='word_1_54' title='bbox 1910 1108 1948 1176; x_wconf 68' lang='grc' dir='ltr'><strong><em>Ρ</em></strong></span> <span class='ocrx_word' id='word_1_55' title='bbox 2000 1106 2213 1188; x_wconf 87' lang='lat' dir='ltr'><strong>Quod</strong></span> <span class='ocrx_word' id='word_1_56' title='bbox 2256 1105 2577 1176; x_wconf 85' lang='lat' dir='ltr'><strong>cernitur</strong></span> 
     </span>
     <span class='ocr_line' id='line_1_9' title="bbox 447 1222 2578 1316; baseline -0.001 -23"><span class='ocrx_word' id='word_1_57' title='bbox 447 1222 713 1294; x_wconf 90' lang='lat' dir='ltr'><strong>itidem</strong></span> <span class='ocrx_word' id='word_1_58' title='bbox 749 1222 826 1292; x_wconf 91' lang='lat' dir='ltr'><strong>in</strong></span> <span class='ocrx_word' id='word_1_59' title='bbox 869 1223 1147 1293; x_wconf 88' lang='lat' dir='ltr'><strong>duobus</strong></span> <span class='ocrx_word' id='word_1_60' title='bbox 1183 1245 1361 1316; x_wconf 88' lang='lat' dir='ltr'><strong>quos</strong></span> <span class='ocrx_word' id='word_1_61' title='bbox 1395 1223 1613 1294; x_wconf 85' lang='lat' dir='ltr'><strong>habet</strong></span> <span class='ocrx_word' id='word_1_62' title='bbox 1647 1224 1722 1293; x_wconf 89' lang='lat' dir='ltr'><strong>in</strong></span> <span class='ocrx_word' id='word_1_63' title='bbox 1761 1223 2055 1313; x_wconf 82' lang='lat' dir='ltr'><strong>Hecyra</strong></span> <span class='ocrx_word' id='word_1_64' title='bbox 2088 1244 2312 1291; x_wconf 76' lang='lat' dir='ltr'><strong>senes.</strong></span> <span class='ocrx_word' id='word_1_65' title='bbox 2379 1222 2578 1290; x_wconf 87' lang='lat' dir='ltr'><strong>Tum</strong></span> 
     </span>
     <span class='ocr_line' id='line_1_10' title="bbox 447 1335 2579 1431; baseline -0.001 -23"><span class='ocrx_word' id='word_1_66' title='bbox 447 1338 530 1408; x_wconf 90' lang='lat' dir='ltr'><strong>in</strong></span> <span class='ocrx_word' id='word_1_67' title='bbox 567 1338 1036 1409; x_wconf 80' lang='lat' dir='ltr'><strong>Nausistrata</strong></span> <span class='ocrx_word' id='word_1_68' title='bbox 1078 1339 1402 1430; x_wconf 84' lang='lat' dir='ltr'><strong>perfecta</strong></span> <span class='ocrx_word' id='word_1_69' title='bbox 1448 1337 1843 1431; x_wconf 86' lang='lat' dir='ltr'><strong>exponitur</strong></span> <span class='ocrx_word' id='word_1_70' title='bbox 1889 1346 2237 1407; x_wconf 83' lang='lat' dir='ltr'><strong>matronae</strong></span> <span class='ocrx_word' id='word_1_71' title='bbox 2287 1335 2579 1428; x_wconf 70' lang='lat' dir='ltr'><strong>species,</strong></span> 
     </span>
     <span class='ocr_line' id='line_1_11' title="bbox 451 1450 2578 1547; baseline -0.001 -23"><span class='ocrx_word' id='word_1_72' title='bbox 451 1473 601 1525; x_wconf 89' lang='lat' dir='ltr'><strong>non</strong></span> <span class='ocrx_word' id='word_1_73' title='bbox 651 1453 969 1547; x_wconf 82' lang='lat' dir='ltr'><strong>potentis</strong></span> <span class='ocrx_word' id='word_1_74' title='bbox 1019 1454 1312 1547; x_wconf 84' lang='lat' dir='ltr'><strong>quidem</strong></span> <span class='ocrx_word' id='word_1_75' title='bbox 1362 1453 1554 1525; x_wconf 82' lang='lat' dir='ltr'><strong>illius</strong></span> <span class='ocrx_word' id='word_1_76' title='bbox 1597 1464 1675 1525; x_wconf 89' lang='lat' dir='ltr'><strong>et</strong></span> <span class='ocrx_word' id='word_1_77' title='bbox 1711 1453 1955 1524; x_wconf 85' lang='lat' dir='ltr'><strong>decori</strong></span> <span class='ocrx_word' id='word_1_78' title='bbox 1998 1450 2578 1537; x_wconf 77' lang='lat' dir='ltr'><strong>servantissimae,</strong></span> 
     </span>
     <span class='ocr_line' id='line_1_12' title="bbox 455 1565 2364 1663; baseline -0.001 -24"><span class='ocrx_word' id='word_1_79' title='bbox 455 1565 585 1639; x_wconf 78' lang='lat' dir='ltr'><strong>sed</strong></span> <span class='ocrx_word' id='word_1_80' title='bbox 618 1569 844 1663; x_wconf 81' lang='lat' dir='ltr'><strong>magis</strong></span> <span class='ocrx_word' id='word_1_81' title='bbox 877 1591 974 1639; x_wconf 89' lang='lat' dir='ltr'><strong>ex</strong></span> <span class='ocrx_word' id='word_1_82' title='bbox 1008 1569 1377 1640; x_wconf 89' lang='lat' dir='ltr'><strong>communi</strong></span> <span class='ocrx_word' id='word_1_83' title='bbox 1409 1591 1609 1640; x_wconf 87' lang='lat' dir='ltr'><strong>more</strong></span> <span class='ocrx_word' id='word_1_84' title='bbox 1641 1591 1729 1640; x_wconf 86' lang='lat' dir='ltr'><strong>ac</strong></span> <span class='ocrx_word' id='word_1_85' title='bbox 1763 1568 2056 1639; x_wconf 88' lang='lat' dir='ltr'><strong>modulo</strong></span> <span class='ocrx_word' id='word_1_86' title='bbox 2087 1567 2364 1638; x_wconf 79' lang='lat' dir='ltr'><strong>effictoe.</strong></span> 
     </span>
    </p>

    <p class='ocr_par' dir='ltr' id='par_1_4' title="bbox 458 1682 2578 2123">
     <span class='ocr_line' id='line_1_13' title="bbox 559 1682 2575 1780; baseline 0 -26"><span class='ocrx_word' id='word_1_87' title='bbox 559 1682 1057 1755; x_wconf 71' lang='lat' dir='ltr'><strong>Adolescentia</strong></span> <span class='ocrx_word' id='word_1_88' title='bbox 1091 1696 1334 1757; x_wconf 88' lang='lat' dir='ltr'><strong>autem</strong></span> <span class='ocrx_word' id='word_1_89' title='bbox 1371 1696 1716 1769; x_wconf 88' lang='lat' dir='ltr'><strong>mentem,</strong></span> <span class='ocrx_word' id='word_1_90' title='bbox 1749 1684 2025 1780; x_wconf 85' lang='lat' dir='ltr'><strong>ingenii</strong></span> <span class='ocrx_word' id='word_1_91' title='bbox 2057 1706 2229 1755; x_wconf 83' lang='lat' dir='ltr'><strong>sane</strong></span> <span class='ocrx_word' id='word_1_92' title='bbox 2261 1683 2575 1755; x_wconf 76' lang='lat' dir='ltr'><strong>liberalis</strong></span> 
     </span>
     <span class='ocr_line' id='line_1_14' title="bbox 458 1799 2575 1896; baseline 0.001 -26"><span class='ocrx_word' id='word_1_93' title='bbox 458 1800 586 1870; x_wconf 71' lang='lat' dir='ltr'><strong>sed</strong></span> <span class='ocrx_word' id='word_1_94' title='bbox 616 1799 1108 1891; x_wconf 83' lang='lat' dir='ltr'><strong>voluptatibus</strong></span> <span class='ocrx_word' id='word_1_95' title='bbox 1152 1801 1403 1885; x_wconf 84' lang='lat' dir='ltr'><strong>dediti,</strong></span> <span class='ocrx_word' id='word_1_96' title='bbox 1449 1821 1669 1895; x_wconf 85' lang='lat' dir='ltr'><strong>quam</strong></span> <span class='ocrx_word' id='word_1_97' title='bbox 1710 1803 1909 1896; x_wconf 81' lang='lat' dir='ltr'><strong>juste</strong></span> <span class='ocrx_word' id='word_1_98' title='bbox 1958 1800 2313 1894; x_wconf 80' lang='lat' dir='ltr'><strong>explicuit</strong></span> <span class='ocrx_word' id='word_1_99' title='bbox 2361 1823 2575 1872; x_wconf 75' lang='lat' dir='ltr'><strong>scena</strong></span> 
     </span>
     <span class='ocr_line' id='line_1_15' title="bbox 458 1912 2578 2009; baseline 0.001 -25"><span class='ocrx_word' id='word_1_100' title='bbox 458 1912 582 1984; x_wconf 87' lang='lat' dir='ltr'><strong>illa</strong></span> <span class='ocrx_word' id='word_1_101' title='bbox 630 1915 708 1984; x_wconf 91' lang='lat' dir='ltr'><strong>in</strong></span> <span class='ocrx_word' id='word_1_102' title='bbox 763 1914 1614 2001; x_wconf 84' lang='lat' dir='ltr'><strong>Heautontimorumeno,</strong></span> <span class='ocrx_word' id='word_1_103' title='bbox 1665 1917 1793 1988; x_wconf 89' lang='lat' dir='ltr'><strong>ubi</strong></span> <span class='ocrx_word' id='word_1_104' title='bbox 1841 1916 2164 2009; x_wconf 84' lang='lat' dir='ltr'><strong>Clitipho</strong></span> <span class='ocrx_word' id='word_1_105' title='bbox 2212 1925 2419 2008; x_wconf 77' lang='lat' dir='ltr'><strong>patre</strong></span> <span class='ocrx_word' id='word_1_106' title='bbox 2466 1939 2578 1987; x_wconf 80' lang='lat' dir='ltr'><strong>se-</strong></span> 
     </span>
     <span class='ocr_line' id='line_1_16' title="bbox 463 2030 1467 2123; baseline 0.004 -26"><span class='ocrx_word' id='word_1_107' title='bbox 463 2038 662 2098; x_wconf 90' lang='lat' dir='ltr'><strong>moto</strong></span> <span class='ocrx_word' id='word_1_108' title='bbox 695 2049 939 2099; x_wconf 83' lang='lat' dir='ltr'><strong>secum</strong></span> <span class='ocrx_word' id='word_1_109' title='bbox 972 2030 1081 2100; x_wconf 87' lang='lat' dir='ltr'><strong>ita</strong></span> <span class='ocrx_word' id='word_1_110' title='bbox 1110 2031 1467 2123; x_wconf 86' lang='lat' dir='ltr'><strong>loquitur!</strong></span> 
     </span>
    </p>
   </div>
   <div class='ocr_carea' id='block_1_3' title="bbox 464 2179 2584 4198">
    <p class='ocr_par' dir='ltr' id='par_1_5' title="bbox 464 2179 2584 4117">
     <span class='ocr_line' id='line_1_17' title="bbox 464 2179 2483 2277; baseline 0 -26"><span class='ocrx_word' id='word_1_111' title='bbox 464 2179 470 2184; x_wconf 42' lang='lat'>⁸</span> <span class='ocrx_word' id='word_1_112' title='bbox 552 2186 763 2266; x_wconf 82' lang='lat' dir='ltr'><strong>Quam</strong></span> <span class='ocrx_word' id='word_1_113' title='bbox 792 2186 994 2274; x_wconf 85' lang='lat' dir='ltr'><strong>iniqui</strong></span> <span class='ocrx_word' id='word_1_114' title='bbox 1026 2203 1175 2254; x_wconf 85' lang='lat' dir='ltr'><strong>sunt</strong></span> <span class='ocrx_word' id='word_1_115' title='bbox 1200 2203 1414 2277; x_wconf 83' lang='lat' dir='ltr'><strong>patres</strong></span> <span class='ocrx_word' id='word_1_116' title='bbox 1440 2189 1507 2253; x_wconf 85' lang='lat' dir='ltr'><strong>in</strong></span> <span class='ocrx_word' id='word_1_117' title='bbox 1534 2189 1741 2254; x_wconf 82' lang='lat' dir='ltr'><strong>omnis</strong></span> <span class='ocrx_word' id='word_1_118' title='bbox 1767 2187 2178 2253; x_wconf 77' lang='lat' dir='ltr'><strong>adolescentis</strong></span> <span class='ocrx_word' id='word_1_119' title='bbox 2196 2185 2483 2275; x_wconf 80' lang='lat' dir='ltr'><strong>judiees!</strong></span> 
     </span>
     <span class='ocr_line' id='line_1_18' title="bbox 550 2287 2582 2379; baseline 0.001 -26"><span class='ocrx_word' id='word_1_120' title='bbox 550 2289 682 2369; x_wconf 83' lang='lat' dir='ltr'><strong>Qui</strong></span> <span class='ocrx_word' id='word_1_121' title='bbox 728 2312 982 2376; x_wconf 81' lang='lat' dir='ltr'><strong>aequom</strong></span> <span class='ocrx_word' id='word_1_122' title='bbox 1025 2313 1160 2355; x_wconf 84' lang='lat' dir='ltr'><strong>esse</strong></span> <span class='ocrx_word' id='word_1_123' title='bbox 1202 2304 1480 2370; x_wconf 82' lang='lat' dir='ltr'><strong>censent,</strong></span> <span class='ocrx_word' id='word_1_124' title='bbox 1524 2313 1640 2354; x_wconf 83' lang='lat' dir='ltr'><strong>nos</strong></span> <span class='ocrx_word' id='word_1_125' title='bbox 1679 2292 1817 2379; x_wconf 87' lang='lat' dir='ltr'><strong>jam</strong></span> <span class='ocrx_word' id='word_1_126' title='bbox 1861 2312 1899 2355; x_wconf 84' lang='lat' dir='ltr'><strong>a</strong></span> <span class='ocrx_word' id='word_1_127' title='bbox 1950 2289 2163 2378; x_wconf 86' lang='lat' dir='ltr'><strong>pueris</strong></span> <span class='ocrx_word' id='word_1_128' title='bbox 2204 2288 2373 2354; x_wconf 77' lang='lat' dir='ltr'><strong>illico</strong></span> <span class='ocrx_word' id='word_1_129' title='bbox 2414 2287 2582 2355; x_wconf 76' lang='lat' dir='ltr'><strong>nasci</strong></span> 
     </span>
     <span class='ocr_line' id='line_1_19' title="bbox 548 2412 2584 2582; baseline -0 -22"><span class='ocrx_word' id='word_1_130' title='bbox 548 2412 1106 2582; x_wconf 48' lang='lat' dir='ltr'><strong>Nequsgmiilarum</strong></span> <span class='ocrx_word' id='word_1_131' title='bbox 1179 2494 1398 2560; x_wconf 77' lang='lat' dir='ltr'><strong>affines</strong></span> <span class='ocrx_word' id='word_1_132' title='bbox 1457 2517 1593 2560; x_wconf 77' lang='lat' dir='ltr'><strong>esse</strong></span> <span class='ocrx_word' id='word_1_133' title='bbox 1647 2516 1886 2573; x_wconf 83' lang='lat' dir='ltr'><strong>rerum,</strong></span> <span class='ocrx_word' id='word_1_134' title='bbox 1944 2505 2107 2582; x_wconf 64' lang='lat' dir='ltr'><strong>quus</strong></span> <span class='ocrx_word' id='word_1_135' title='bbox 2159 2495 2286 2559; x_wconf 80' lang='lat' dir='ltr'><strong>fert</strong></span> <span class='ocrx_word' id='word_1_136' title='bbox 2338 2494 2584 2560; x_wconf 68' lang='lat' dir='ltr'><strong>adole·-</strong></span> 
     </span>
     <span class='ocr_line' id='line_1_20' title="bbox 473 2611 2576 2790; baseline 0.002 -28"><span class='ocrx_word' id='word_1_137' title='bbox 473 2758 478 2762; x_wconf 8' lang='grc' dir='ltr'>ῃ</span> <span class='ocrx_word' id='word_1_138' title='bbox 547 2675 658 2766; x_wconf 59' lang='lat' dir='ltr'><strong>En</strong></span> <span class='ocrx_word' id='word_1_139' title='bbox 687 2611 1088 2766; x_wconf 42' lang='lat' dir='ltr'><strong>effati-‘nne</strong></span> <span class='ocrx_word' id='word_1_140' title='bbox 1117 2700 1547 2780; x_wconf 77' lang='lat' dir='ltr'><strong>moderantur,</strong></span> <span class='ocrx_word' id='word_1_141' title='bbox 1578 2722 1748 2766; x_wconf 87' lang='lat' dir='ltr'><strong>nunc</strong></span> <span class='ocrx_word' id='word_1_142' title='bbox 1774 2722 1926 2790; x_wconf 77' lang='lat' dir='ltr'><strong>quae</strong></span> <span class='ocrx_word' id='word_1_143' title='bbox 1952 2714 2071 2780; x_wconf 78' lang='lat' dir='ltr'><strong>est,</strong></span> <span class='ocrx_word' id='word_1_144' title='bbox 2092 2723 2221 2767; x_wconf 87' lang='lat' dir='ltr'><strong>non</strong></span> <span class='ocrx_word' id='word_1_145' title='bbox 2249 2723 2398 2790; x_wconf 77' lang='lat' dir='ltr'><strong>quae</strong></span> <span class='ocrx_word' id='word_1_146' title='bbox 2421 2701 2576 2767; x_wconf 83' lang='lat' dir='ltr'><strong>olim</strong></span> 
     </span>
     <span class='ocr_line' id='line_1_21' title="bbox 554 2804 2575 2995; baseline 0 -26"><span class='ocrx_word' id='word_1_147' title='bbox 554 2804 1116 2995; x_wconf 52' lang='lat' dir='ltr'><strong>Mihifgtunquam</strong></span> <span class='ocrx_word' id='word_1_148' title='bbox 1143 2908 1314 2973; x_wconf 84' lang='lat' dir='ltr'><strong>filius</strong></span> <span class='ocrx_word' id='word_1_149' title='bbox 1341 2907 1483 2987; x_wconf 86' lang='lat' dir='ltr'><strong>erit,</strong></span> <span class='ocrx_word' id='word_1_150' title='bbox 1515 2930 1616 2973; x_wconf 81' lang='lat' dir='ltr'><strong>nae</strong></span> <span class='ocrx_word' id='word_1_151' title='bbox 1644 2906 1750 2971; x_wconf 86' lang='lat' dir='ltr'><strong>ille</strong></span> <span class='ocrx_word' id='word_1_152' title='bbox 1777 2907 1949 2971; x_wconf 77' lang='lat' dir='ltr'><strong>facili</strong></span> <span class='ocrx_word' id='word_1_153' title='bbox 1978 2930 2080 2973; x_wconf 89' lang='lat' dir='ltr'><strong>me</strong></span> <span class='ocrx_word' id='word_1_154' title='bbox 2109 2920 2330 2972; x_wconf 79' lang='lat' dir='ltr'><strong>utetur</strong></span> <span class='ocrx_word' id='word_1_155' title='bbox 2355 2919 2537 2994; x_wconf 83' lang='lat' dir='ltr'><strong>patre</strong></span> <span class='ocrx_word' id='word_1_156' title='bbox 2556 2930 2575 2969; x_wconf 72' lang='grc' dir='ltr'><strong><em>ε</em></strong></span> 
     </span>
     <span class='ocr_line' id='line_1_22' title="bbox 553 3007 2577 3096; baseline -0.001 -24"><span class='ocrx_word' id='word_1_157' title='bbox 553 3007 618 3072; x_wconf 93' lang='lat' dir='ltr'>N</span> <span class='ocrx_word' id='word_1_158' title='bbox 621 3031 726 3072; x_wconf 88' lang='lat' dir='ltr'><strong>am</strong></span> <span class='ocrx_word' id='word_1_159' title='bbox 754 3021 819 3072; x_wconf 89' lang='lat' dir='ltr'><strong>et</strong></span> <span class='ocrx_word' id='word_1_160' title='bbox 838 3009 1251 3096; x_wconf 80' lang='lat' dir='ltr'><strong>cognoscendi</strong></span> <span class='ocrx_word' id='word_1_161' title='bbox 1280 3029 1348 3074; x_wconf 85' lang='lat' dir='ltr'><strong>et</strong></span> <span class='ocrx_word' id='word_1_162' title='bbox 1373 3009 1736 3096; x_wconf 68' lang='lat' dir='ltr'><strong>ignoscendi</strong></span> <span class='ocrx_word' id='word_1_163' title='bbox 1767 3008 2027 3075; x_wconf 89' lang='lat' dir='ltr'><strong>dabitur</strong></span> <span class='ocrx_word' id='word_1_164' title='bbox 2056 3008 2326 3095; x_wconf 70' lang='lat' dir='ltr'><strong>peccatis</strong></span> <span class='ocrx_word' id='word_1_165' title='bbox 2358 3007 2577 3081; x_wconf 57' lang='lat' dir='ltr'><strong>locun</strong></span> 
     </span>
     <span class='ocr_line' id='line_1_23' title="bbox 555 3107 2584 3224; baseline -0.002 -50"><span class='ocrx_word' id='word_1_166' title='bbox 555 3109 708 3174; x_wconf 89' lang='lat' dir='ltr'><strong>Non</strong></span> <span class='ocrx_word' id='word_1_167' title='bbox 749 3122 825 3224; x_wconf 76' lang='lat' dir='ltr'><strong>ut</strong></span> <span class='ocrx_word' id='word_1_168' title='bbox 850 3132 1053 3189; x_wconf 76' lang='lat' dir='ltr'><strong>meuS,</strong></span> <span class='ocrx_word' id='word_1_169' title='bbox 1083 3109 1197 3196; x_wconf 89' lang='lat' dir='ltr'><strong>qui</strong></span> <span class='ocrx_word' id='word_1_170' title='bbox 1225 3110 1383 3173; x_wconf 82' lang='lat' dir='ltr'><strong>mihi</strong></span> <span class='ocrx_word' id='word_1_171' title='bbox 1415 3132 1530 3196; x_wconf 88' lang='lat' dir='ltr'><strong>per</strong></span> <span class='ocrx_word' id='word_1_172' title='bbox 1567 3109 1761 3174; x_wconf 81' lang='lat' dir='ltr'><strong>alium</strong></span> <span class='ocrx_word' id='word_1_173' title='bbox 1801 3107 2079 3174; x_wconf 82' lang='lat' dir='ltr'><strong>ostendit</strong></span> <span class='ocrx_word' id='word_1_174' title='bbox 2117 3131 2296 3173; x_wconf 79' lang='lat' dir='ltr'><strong>suam</strong></span> <span class='ocrx_word' id='word_1_175' title='bbox 2336 3121 2584 3171; x_wconf 72' lang='lat' dir='ltr'><strong>senten-</strong></span> 
     </span>
     <span class='ocr_line' id='line_1_24' title="bbox 553 3223 2584 3399; baseline -0.001 -22"><span class='ocrx_word' id='word_1_176' title='bbox 553 3223 1083 3390; x_wconf 46' lang='lat' dir='ltr'><strong>Periitfaff&#39;mihss</strong></span> <span class='ocrx_word' id='word_1_177' title='bbox 1115 3310 1225 3377; x_wconf 74' lang='lat' dir='ltr'><strong>ubi</strong></span> <span class='ocrx_word' id='word_1_178' title='bbox 1267 3309 1515 3377; x_wconf 75' lang='lat' dir='ltr'><strong>adbibit</strong></span> <span class='ocrx_word' id='word_1_179' title='bbox 1550 3308 1699 3399; x_wconf 70' lang='lat' dir='ltr'><strong>plus</strong></span> <span class='ocrx_word' id='word_1_180' title='bbox 1738 3309 1981 3398; x_wconf 71' lang='lat' dir='ltr'><strong>pauno,</strong></span> <span class='ocrx_word' id='word_1_181' title='bbox 2025 3332 2141 3375; x_wconf 71' lang='lat' dir='ltr'><strong>sua</strong></span> <span class='ocrx_word' id='word_1_182' title='bbox 2180 3332 2329 3398; x_wconf 68' lang='lat' dir='ltr'><strong>quae</strong></span> <span class='ocrx_word' id='word_1_183' title='bbox 2369 3321 2584 3375; x_wconf 71' lang='lat' dir='ltr'><strong>namt</strong></span> 
     </span>
     <span class='ocr_line' id='line_1_25' title="bbox 555 3414 2567 3605; baseline 0.001 -23"><span class='ocrx_word' id='word_1_184' title='bbox 555 3518 621 3583; x_wconf 89' lang='lat' dir='ltr'>N</span> <span class='ocrx_word' id='word_1_185' title='bbox 627 3414 1272 3605; x_wconf 48' lang='lat' dir='ltr'><strong>uncfaa‘iltltoprgtficulum</strong></span> <span class='ocrx_word' id='word_1_186' title='bbox 1303 3540 1386 3582; x_wconf 84' lang='lat' dir='ltr'><strong>ex</strong></span> <span class='ocrx_word' id='word_1_187' title='bbox 1411 3515 1551 3581; x_wconf 68' lang='lat' dir='ltr'><strong>aliis</strong></span> <span class='ocrx_word' id='word_1_188' title='bbox 1575 3515 1791 3596; x_wconf 66' lang='lat' dir='ltr'><strong>facito,</strong></span> <span class='ocrx_word' id='word_1_189' title='bbox 1821 3514 1936 3583; x_wconf 86' lang='lat' dir='ltr'><strong>tibi</strong></span> <span class='ocrx_word' id='word_1_190' title='bbox 1967 3516 2143 3605; x_wconf 91' lang='lat' dir='ltr'><strong>quod</strong></span> <span class='ocrx_word' id='word_1_191' title='bbox 2169 3538 2249 3581; x_wconf 85' lang='lat' dir='ltr'><strong>ex</strong></span> <span class='ocrx_word' id='word_1_192' title='bbox 2276 3541 2399 3583; x_wconf 77' lang='lat' dir='ltr'><strong>usu</strong></span> <span class='ocrx_word' id='word_1_193' title='bbox 2430 3517 2567 3584; x_wconf 69' lang='lat' dir='ltr'><strong>siet.</strong></span> 
     </span>
     <span class='ocr_line' id='line_1_26' title="bbox 553 3619 2578 3707; baseline 0.001 -22"><span class='ocrx_word' id='word_1_194' title='bbox 553 3623 867 3685; x_wconf 81' lang='lat' dir='ltr'><strong>Astutus:</strong></span> <span class='ocrx_word' id='word_1_195' title='bbox 915 3642 1017 3685; x_wconf 80' lang='lat' dir='ltr'><strong>nae</strong></span> <span class='ocrx_word' id='word_1_196' title='bbox 1042 3619 1148 3687; x_wconf 89' lang='lat' dir='ltr'><strong>ille</strong></span> <span class='ocrx_word' id='word_1_197' title='bbox 1174 3620 1351 3686; x_wconf 79' lang='lat' dir='ltr'><strong>haud</strong></span> <span class='ocrx_word' id='word_1_198' title='bbox 1379 3620 1515 3700; x_wconf 80' lang='lat' dir='ltr'><strong>scit,</strong></span> <span class='ocrx_word' id='word_1_199' title='bbox 1541 3642 1737 3707; x_wconf 80' lang='lat' dir='ltr'><strong>quam</strong></span> <span class='ocrx_word' id='word_1_200' title='bbox 1764 3620 1922 3685; x_wconf 82' lang='lat' dir='ltr'><strong>mihi</strong></span> <span class='ocrx_word' id='word_1_201' title='bbox 1949 3643 2120 3686; x_wconf 86' lang='lat' dir='ltr'><strong>nunc</strong></span> <span class='ocrx_word' id='word_1_202' title='bbox 2147 3620 2342 3686; x_wconf 74' lang='lat' dir='ltr'><strong>surdo</strong></span> <span class='ocrx_word' id='word_1_203' title='bbox 2365 3636 2578 3687; x_wconf 81' lang='lat' dir='ltr'><strong>narret</strong></span> 
     </span>
     <span class='ocr_line' id='line_1_27' title="bbox 558 3720 2578 3939; baseline 0.001 -50"><span class='ocrx_word' id='word_1_204' title='bbox 558 3720 1132 3939; x_wconf 41' lang='lat' dir='ltr'><strong>Magiiisaliiuulzldl‘me</strong></span> <span class='ocrx_word' id='word_1_205' title='bbox 1174 3823 1391 3889; x_wconf 82' lang='lat' dir='ltr'><strong>amicae</strong></span> <span class='ocrx_word' id='word_1_206' title='bbox 1434 3823 1604 3888; x_wconf 87' lang='lat' dir='ltr'><strong>dicta</strong></span> <span class='ocrx_word' id='word_1_207' title='bbox 1645 3824 1992 3903; x_wconf 80' lang='lat' dir='ltr'><strong>stimulant,</strong></span> <span class='ocrx_word' id='word_1_208' title='bbox 2025 3825 2133 3888; x_wconf 83' lang='lat' dir='ltr'><strong>Da</strong></span> <span class='ocrx_word' id='word_1_209' title='bbox 2174 3821 2351 3905; x_wconf 82' lang='lat' dir='ltr'><strong>mihi,</strong></span> <span class='ocrx_word' id='word_1_210' title='bbox 2381 3841 2578 3914; x_wconf 81' lang='lat' dir='ltr'><strong>atque</strong></span> 
     </span>
     <span class='ocr_line' id='line_1_28' title="bbox 557 3924 2576 4117; baseline -0.002 -23"><span class='ocrx_word' id='word_1_211' title='bbox 557 4028 681 4094; x_wconf 90' lang='lat' dir='ltr'><strong>Cui</strong></span> <span class='ocrx_word' id='word_1_212' title='bbox 712 3924 884 4117; x_wconf 43' lang='lat'><strong>‹33:³1¹-</strong></span> <span class='ocrx_word' id='word_1_213' title='bbox 896 3925 1328 4117; x_wconf 46' lang='lat' dir='ltr'><strong>rznsplondeam,</strong></span> <span class='ocrx_word' id='word_1_214' title='bbox 1361 4026 1515 4093; x_wconf 85' lang='lat' dir='ltr'><strong>nihil</strong></span> <span class='ocrx_word' id='word_1_215' title='bbox 1555 4025 1798 4104; x_wconf 75' lang='lat' dir='ltr'><strong>habe03</strong></span> <span class='ocrx_word' id='word_1_216' title='bbox 1845 4048 2053 4115; x_wconf 87' lang='lat' dir='ltr'><strong>neque</strong></span> <span class='ocrx_word' id='word_1_217' title='bbox 2093 4048 2197 4090; x_wconf 88' lang='lat' dir='ltr'><strong>me</strong></span> <span class='ocrx_word' id='word_1_218' title='bbox 2237 4026 2576 4114; x_wconf 87' lang='lat' dir='ltr'><strong>quisquam</strong></span> 
     </span>
    </p>

    <p class='ocr_par' dir='ltr' id='par_1_6' title="bbox 731 4128 2489 4198">
     <span class='ocr_line' id='line_1_29' title="bbox 731 4128 2489 4198; baseline -0.005 -1"><span class='ocrx_word' id='word_1_219' title='bbox 731 4145 828 4197; x_wconf 73' lang='lat' dir='ltr'><strong>est</strong></span> <span class='ocrx_word' id='word_1_220' title='bbox 853 4130 1155 4198; x_wconf 77' lang='lat' dir='ltr'><strong>miserior.</strong></span> <span class='ocrx_word' id='word_1_221' title='bbox 1938 4131 2114 4193; x_wconf 75' lang='lat' dir='ltr'><strong>Aer.</strong></span> <span class='ocrx_word' id='word_1_222' title='bbox 2147 4128 2250 4192; x_wconf 87' lang='lat'><strong>11.</strong></span> <span class='ocrx_word' id='word_1_223' title='bbox 2285 4129 2396 4191; x_wconf 90' lang='lat' dir='ltr'><strong>Sc.</strong></span> <span class='ocrx_word' id='word_1_224' title='bbox 2424 4128 2489 4191; x_wconf 86' lang='lat'><strong>1.</strong></span> 
     </span>
    </p>
   </div>
   <div class='ocr_carea' id='block_1_4' title="bbox 204 5066 2766 5575">
    <p class='ocr_par' dir='ltr' id='par_1_7' title="bbox 204 5066 2766 5575">
     <span class='ocr_line' id='line_1_30' title="bbox 204 5066 2766 5575; baseline 0 0"><span class='ocrx_word' id='word_1_225' title='bbox 204 5066 2766 5575; x_wconf 95' lang='lat' dir='ltr'><strong> </strong></span> 
     </span>
    </p>
   </div>
  </div>
 </body>
</html>
