3559 5575
1132 51 1267 119 334
1791 47 2031 112 PARS
2081 46 2528 111 SECUNDA
2718 42 2953 109 Pam.
2999 45 3266 109 xxvi
3359 4 3360 34 *

1133 223 1314 298 vitio
1364 244 1528 294 cum
1581 222 1851 291 multus
1902 221 1996 291 sit
2032 220 2393 302 LucanuS‚
2439 229 2602 289 tum
2654 219 3131 291 luculentius
3168 222 3267 289 vix

1136 339 1453 432 requirat
1507 335 1762 429 aliquis
1824 335 2259 426 exemplum,
2314 356 2532 426 quam
2596 333 2968 405 Corneliae
3038 359 3270 427 preces

1131 455 1392 550 quibus
1427 452 1768 524 maritum
1801 450 2086 521 lacessit
2120 450 2215 520 ad
2250 451 2433 520 bella
2468 450 2873 520 abeuntem.
3001 452 3165 521 Sed
3197 475 3269 521 ne

1133 570 1210 640 in
1238 571 1566 641 tenebras
1587 591 1713 637 vos
1736 566 2159 658 improvisos
2194 564 2572 648 adducam,
2599 588 2751 636 rem
2779 566 3056 658 paucis
3084 566 3266 658 prius

1125 683 1592 776 interpretari
1625 681 2020 775 praestabit,
2052 702 2270 774 quam
2305 680 2625 751 carmina
2657 680 2811 773 ipsa
2842 680 3196 752 recitem.

1234 799 1469 871 Uxori
1500 799 1752 892 utique
1789 807 2228 891 praeceperat
2264 796 2674 888 Pompeius,
2706 807 2791 868 ut
2825 796 3016 867 belli
3059 820 3266 868 even-

1134 923 1294 987 tum
1329 916 1562 987 Lesbo
1597 924 2054 1008 expectaret;
2106 912 2300 1007 quod
2334 935 2527 1007 aegre
2559 911 2701 982 fert
2726 911 2870 994 illa,
2904 913 3262 1006 quoniam

1136 1031 1406 1103 scilicet
1439 1031 1499 1103 si
1533 1029 1687 1101 viro
1722 1053 1913 1101 mors
1947 1029 2341 1124 contingat,
2378 1028 2512 1099 sibi
2556 1051 2700 1098 una
2745 1027 2930 1097 mori
2983 1051 3146 1099 non
3190 1029 3263 1097 li-

1135 1147 1348 1230 cebit,
1395 1147 1519 1218 sed
1568 1168 1796 1238 usque
1848 1144 2022 1215 dum
2073 1144 2373 1216 nuntius
2423 1142 2645 1214 cladis
2695 1143 3116 1226 advenerit,
3151 1144 3259 1214 de-

1133 1263 1385 1334 functo
1406 1264 1564 1357 jam
1599 1262 1774 1344 viro,
1810 1261 2033 1353 ipsam
2068 1282 2431 1352 superesse
2467 1281 2752 1330 necesse
2784 1257 2948 1328 erit.
3072 1259 3257 1328 Tum

1133 1401 1305 1449 vero
1344 1388 1420 1449 et
1451 1378 1589 1447 hoc
1632 1375 1868 1467 ipsum
1915 1374 2197 1457 metuit,
2231 1383 2317 1446 ut
2350 1383 2730 1467 postquam
2777 1373 3093 1444 seorsim
3144 1398 3256 1465 po-

1133 1490 1274 1560 sita
1298 1491 1451 1562 viro
1485 1514 1726 1562 carere
1762 1490 2116 1574 didicerit,
2143 1489 2316 1562 satis
2341 1489 2547 1562 fortis
2570 1489 2791 1562 fuerit
2816 1490 2911 1562 ad
2941 1501 3253 1561 mortem

1132 1606 1636 1700 capessendam
1669 1607 1681 1676 !

1306 1779 1409 1842 Te
1437 1800 1665 1864 sequar
1692 1777 1774 1842 ad
1806 1799 2053 1841 manes:
2102 1777 2287 1842 feriat
2316 1777 2474 1842 dum
2505 1791 2723 1842 maesta
2749 1792 3028 1842 remotas

1307 1881 1512 1944 Fama
1539 1878 1758 1967 procul
1791 1894 2008 1958 terras,
2039 1880 2246 1944 vivam
2280 1879 2396 1944 tibi
2424 1903 2650 1968 nempe
2679 1896 3023 1966 superstes.

1307 1981 1504 2047 Adde
1530 1981 1703 2068 quod
1733 1981 2035 2046 assuescis
2064 1981 2230 2061 fatis,
2263 1995 2639 2068 tantumque
2668 1980 2951 2046 dolorem

1306 2083 1595 2150 Crudelis
1624 2106 1724 2147 me
1752 2084 1919 2148 ferre
1950 2082 2170 2147 doces:
2220 2083 2470 2170 ignosce
2499 2083 2755 2149 fatenti:

1308 2188 1502 2252 Posse
1530 2187 1685 2274 pati,
1717 2186 1924 2252 timeo.
2691 2187 2858 2251 Luc.
2891 2188 2969 2251 V.
3005 2189 3155 2253 774.

1134 2347 1411 2420 Iterum
1446 2372 1615 2420 vero
1651 2349 1996 2442 Pompeio
2031 2348 2431 2436 interfecto,
2464 2349 2660 2420 hisce
2693 2333 3066 2444 tragoediis
3101 2349 3235 2419 sin-

1130 2465 1454 2557 gularem
1489 2463 1813 2559 conjugis
1847 2488 2164 2536 amorem
2200 2464 2582 2559 significari
2617 2465 2867 2536 voluit.

1302 2650 1448 2715 Jam
1479 2671 1649 2715 nunc
1679 2664 1740 2716 te
1769 2675 1885 2739 per
1913 2652 2098 2718 inane
2125 2652 2334 2732 cbaos,
2365 2676 2481 2740 per
2500 2655 2788 2731 Tartara,
2816 2654 3077 2740 conjux,

1304 2751 1373 2817 Si
1402 2766 1550 2817 sunt
1578 2752 1731 2833 ulla,
1765 2777 2025 2842 sequar:
2074 2777 2268 2842 quam
2296 2754 2488 2843 longo
2519 2755 2751 2821 tradita
2777 2754 2903 2821 leto

1303 2858 1626 2922 Incertum
1657 2872 1786 2923 est:
1826 2880 2057 2945 paenas
2085 2861 2320 2922 anim-ce
2350 2861 2594 2924 vivacis
2621 2859 2703 2923 ab
2732 2861 2869 2945 ipsa

1302 2960 1471 3023 Ante
1497 2960 1696 3024 feram
1723 2985 1738 3024 ε
1785 2959 1996 3048 potuit
2021 2982 2281 3024 cernens
2311 2974 2421 3024 tua
2448 2959 2730 3038 vulnera,
2764 2962 3029 3047 Magne,

1302 3063 1452 3127 Non
1482 3061 1704 3151 fugere
1734 3062 1801 3126 in
1828 3075 2092 3128 mortem
2117 3086 2131 3125 ε
2181 3062 2440 3149 planctu
2470 3078 2735 3127 contusa
2760 3063 3026 3150 peribit:

1299 3164 1541 3230 Effluet
1568 3165 1632 3228 in
1661 3165 2003 3253 lacrymas:
2054 3186 2380 3251 nunquam
2414 3165 2734 3229 veniemus
2760 3164 2840 3228 ad
2870 3187 3070 3242 enseS,

1300 3269 1445 3331 Aut
1471 3266 1751 3353 laqueos,
1780 3282 1895 3331 aut
1920 3266 2271 3355 praecipites
2300 3290 2414 3355 per
2442 3267 2651 3331 inania
2668 3267 2895 3353 jactus,

1309 3367 1530 3454 Turpe
1556 3370 1720 3433 mori
1735 3378 1888 3455 post
1917 3377 1977 3432 te
2003 3370 2133 3435 solo
2159 3391 2289 3434 non
2304 3391 2496 3456 posse
2524 3369 2755 3434 dolore.

2617 3473 2786 3537 Luc.
2821 3474 2961 3537 IX.
2994 3475 3140 3536 102.

1225 3688 1614 3762 Sententiis
1647 3685 1923 3763 interea
1957 3716 2472 3787 nonnunquam
2508 3694 2751 3765 obesse
2786 3695 3020 3765 solent
3051 3691 3216 3763 vitia

1122 3829 1287 3899 quae
1331 3805 1579 3901 lingua
1626 3808 1854 3904 magis
1900 3833 2115 3903 quam
2159 3834 2237 3881 re
2289 3819 2628 3902 peccant3
2682 3832 2908 3903 quum
2944 3820 3073 3881 aut
3106 3810 3217 3879 ob-

1123 3944 1348 3992 scurae
1380 3918 1673 4006 fuerint,
1709 3935 1836 3996 aut
1870 3934 2103 3996 acutae
2137 3925 2351 3995 nimis
2385 3935 2459 4000 et
2494 3925 2796 4019 argutiis
2829 3925 3211 4002 instructoe‚
