3559 5575
979 703 1704 789 PRAELECTIO
1764 705 2426 788 TRICESIMA
2483 705 2988 787 TERTIA.

915 1051 1019 1114 De
1047 1049 1470 1135 Antiquitate.
1564 1050 1930 1114 Plurimum
1959 1047 2304 1111 delectatur
2332 1046 2695 1111 Phantaeia
2721 1050 2899 1111 omui
2926 1068 3056 1112 ve-

1001 1154 1260 1220 natatis
1287 1153 1599 1239 imagine.
1673 1151 2047 1215 Delectatur
2075 1150 2226 1214 item
2255 1148 2494 1213 Futuri
2521 1149 3047 1214 adumbratione.

1004 1254 1188 1318 Hinc
1244 1252 1674 1317 vaticiniorum
1736 1255 1811 1315 in
1857 1259 2147 1339 poemate
2205 1271 2719 1337 usus—quorum
2774 1252 3044 1338 quidem

1004 1358 1289 1421 maxima
1316 1366 1409 1421 est
1431 1358 1552 1433 vis,
1576 1358 1634 1419 εἰ
1666 1357 1845 1418 exitu
1865 1354 2240 1440 confirnmta
2263 1353 2796 1418 videantur—ein
2817 1364 3037 1420 autem

999 1480 1137 1520 cum
1167 1458 1437 1521 historia
1457 1466 1782 1544 pugnent,
1817 1477 1988 1519 vana
2015 1464 2167 1518 sunt
2197 1463 2258 1518 et
2286 1457 2505 1542 effeta
2536 1465 2772 1520 carent.
3362 1451 3363 1535 1

1680 1731 2250 1780 ...φ-.-

919 1941 1387 2054 QUANDO
1428 1967 1522 2039 ad
1558 1977 1834 2039 veteres
1879 1967 2152 2038 Divum
2205 1978 2422 2060 atque
2474 1967 2774 2038 heroum
2825 1967 3024 2038 fabu-

913 2091 1018 2160 las
1051 2110 1194 2158 non
1230 2084 1335 2156 ita
1369 2085 1597 2155 multo
1630 2093 1799 2155 ante
1834 2105 1950 2154 me
1985 2093 2500 2165 converterem,
2533 2095 2611 2154 et
2637 2082 3022 2174 plurimum

913 2202 1082 2273 inde
1118 2199 1371 2272 auxilii
1404 2200 1573 2270 duci
1618 2221 1823 2290 posse
1857 2198 2192 2281 dicerem,
2228 2198 2290 2268 si
2323 2197 2776 2290 phantasiam
2809 2199 3024 2269 vellet

914 2317 1216 2409 scriptor
1247 2325 1375 2386 aut
1400 2315 1719 2386 excitare
1752 2323 1881 2385 aut
1905 2315 2370 2404 permulcere,
2395 2313 2694 2385 fortasse
2722 2335 2849 2387 vos
2881 2336 3020 2383 non

913 2431 1126 2526 fugit,
1163 2455 1276 2502 me
1325 2432 1460 2502 hoc
1500 2429 1978 2523 quodcunque
2022 2441 2133 2501 est
2166 2429 2635 2504 instrumenti
2675 2438 3022 2522 tanquam

912 2567 1066 2616 rem
1099 2555 1415 2617 veterem
1451 2544 1935 2617 adhibendam
1969 2544 2353 2630 monuisse,
2387 2543 2646 2616 animis
2680 2542 3027 2616 sermoni-

912 2661 1185 2754 busque
1219 2658 1590 2731 hominum
1614 2660 2054 2754 Jampridem
2090 2670 2537 2755 occupatam.
2607 2660 2835 2754 Cujus
2868 2659 3028 2753 qui-

914 2778 1080 2850 dem
1113 2775 1451 2870 praecepti
1486 2775 1593 2849 vis
1625 2775 1842 2850 latius
1878 2779 2118 2869 paullo
2150 2789 2374 2871 patet,
2409 2799 2627 2871 quam
2669 2785 3022 2869 quantum

913 2902 1041 2965 aut
1074 2915 1201 2984 per
1244 2903 1530 2984 tempus
1580 2914 1739 2963 eam
1792 2892 2068 2983 aperire
2113 2904 2273 2965 tum
2326 2894 2597 2975 liceret,
2644 2901 2774 2962 aut
2816 2914 3027 2986 argu-

913 3008 1140 3082 menti
1171 3007 1248 3077 in
1284 3030 1426 3100 quo
1451 3018 1772 3081 versatus
1800 3008 1935 3079 sim
1960 3019 2329 3099 pateretur
2351 3010 2558 3082 ratio.
2614 3007 2806 3081 Illud
2831 3006 3024 3078 enim

912 3122 1274 3215 praecipue
1322 3121 1399 3192 in
1452 3146 1700 3195 caussa
1743 3122 1964 3194 fuisse
2010 3122 2290 3195 dictum
2334 3134 2468 3207 est,
2502 3147 2632 3197 cur
2671 3123 2831 3194 haec
2877 3144 3028 3193 ma-

913 3238 1128 3310 teries
1150 3239 1474 3332 jucunda
1501 3240 1872 3323 habeatur,
1894 3238 2087 3330 quod
2113 3239 2354 3313 subtili
2384 3239 2786 3312 animorum
2822 3247 3023 3311 motu

913 3352 1082 3424 inde
1138 3354 1352 3437 factu,
1406 3356 1633 3425 multa
1682 3353 1880 3426 intus
1939 3354 2252 3447 reposita
2302 3355 2565 3428 sensim
2624 3354 3026 3436 eliciantur,

914 3488 1079 3558 quae
1113 3467 1562 3538 dulcedinem
1598 3470 1835 3539 adhuc
1876 3493 2079 3540 suam
2129 3481 2205 3541 et
2238 3470 2444 3563 quasi
2486 3469 2873 3562 pristinum
2917 3493 3026 3540 sa·

913 3604 1158 3673 porem
1194 3592 1499 3652 servent.
1601 3584 1967 3677 Quicquid
2018 3586 2214 3657 enim
2264 3586 2503 3679 pueris
2560 3586 2766 3657 nobis
2816 3586 3024 3657 avide

914 3697 1201 3770 haurire
1269 3698 1674 3794 contigerit,
1734 3699 1811 3769 id
1873 3701 1987 3771 vel
2058 3702 2306 3774 adulta
2372 3713 2590 3775 aetate
2657 3724 3025 3775 recensere

915 3813 1154 3885 animo
1187 3825 1261 3886 et
1294 3813 1499 3906 quasi
1530 3813 1880 3886 ruminari
1902 3816 2138 3910 juvat.
