3559 5575
502 225 566 286 140
869 219 992 284 PARS
1015 219 1177 282 PRIMA
1374 221 1497 288 Pur..
1514 223 1567 289 X.

495 395 646 468 Nedum
669 393 737 463 hoc
757 390 834 462 fieri
854 389 987 483 poterit
1002 389 1040 460 in
1064 389 1217 482 pictura,
1234 391 1297 461 ubi
1318 393 1393 464 fixa
1415 407 1508 468 sunt
1523 408 1565 469 et

497 511 650 580 immota
667 507 798 588 omnia,
815 516 853 577 et
870 506 918 576 ad
933 505 1182 578 brevissimum
1204 508 1375 598 temporis
1397 511 1562 602 spatium

499 623 780 696 accommodata.

550 740 644 810 Sunt
670 760 775 830 porro
799 735 964 806 nonnulli
984 734 1162 828 simplices
1184 745 1223 807 et
1240 735 1389 807 violenti
1405 739 1560 812 affectus

501 853 563 946 qui
580 862 763 945 aspectum
781 851 938 921 induunt
956 850 1008 921 ita
1025 851 1191 921 mobilem
1210 861 1248 921 et
1261 851 1412 935 varium,
1426 866 1469 924 ut
1483 857 1559 926 solo

502 979 607 1060 poeta
623 967 758 1062 aequari
776 989 877 1057 posse
895 965 1096 1036 rideantur.
1146 965 1359 1059 Cujusmodi
1383 976 1439 1038 eet
1456 981 1558 1041 vates

500 1084 561 1156 illa
587 1083 727 1155 Lucani
752 1081 873 1154 divino
899 1081 1019 1151 furore
1042 1080 1199 1172 percitot
1224 1104 1333 1174 quam
1355 1091 1478 1154 tamen
1496 1084 1558 1154 de-

500 1198 729 1291 scriptionem
764 1197 989 1289 aliquantum
1022 1198 1119 1265 ultra
1151 1195 1325 1287 pudorem
1358 1199 1439 1267 suo'
1457 1219 1556 1269 more

500 1325 622 1410 auget.

589 1477 691 1553 Quem
706 1496 769 1538 non
784 1472 897 1551 emisit,
912 1485 1055 1558 superest
1068 1473 1177 1536 Deus:
1201 1471 1253 1536 ille
1267 1471 1385 1537 feroces

586 1575 730 1659 'l'orquet
744 1573 849 1637 adhuc
863 1573 982 1652 oculos,
997 1585 1127 1659 totoque
1142 1572 1289 1660 vagantia
1302 1572 1382 1637 coelo

587 1675 745 1739 Lumina:
769 1697 853 1739 nunc
868 1674 961 1739 vultu
976 1675 1104 1761 pavido,
1119 1697 1204 1739 nunc
1219 1688 1309 1739 torva
1324 1675 1447 1753 minaci,

589 1779 659 1841 Stat
672 1798 836 1862 nunquam
850 1776 963 1840 facies:
987 1776 1084 1841 rubor
1099 1777 1210 1862 igneus
1224 1774 1322 1841 inficit
1336 1799 1402 1854 ora,

589 1878 802 1965 Liventesque
815 1901 929 1965 genas:
953 1901 1021 1956 nec,
1036 1881 1092 1966 qui
1105 1879 1182 1943 solet
1194 1899 1260 1942 esse
1274 1880 1408 1956 timenti,

593 1983 764 2046 Terribilis
777 1981 832 2046 sed
841 1981 950 2067 pallor
963 1983 1065 2045 inest:
1088 2003 1146 2045 nec
1159 1981 1241 2045 fessa
1255 1980 1420 2065 quiescunt

589 2083 713 2158 Corda3
738 2083 793 2148 sed
808 2097 845 2147 ut
859 2082 1002 2147 tumidus
1017 2085 1129 2146 Boreae
1143 2097 1215 2169 post
1228 2081 1356 2146 flamina
1370 2096 1486 2167 pontus

590 2189 702 2252 Rauca
715 2185 824 2274 gemit,
840 2185 882 2250 sic
897 2184 998 2249 multa
1012 2183 1119 2248 levant
1133 2183 1267 2271 suspiria
1278 2199 1394 2248 vetem.

1236 2287 1368 2350 Panos.
1382 2286 1421 2348 V.
1436 2285 1509 2348 211.

504 2458 566 2528 Fit
591 2457 751 2548 profecto
781 2477 1038 2548 nonnunquam
1067 2455 1105 2525 in
1136 2454 1331 2526 minoribus
1360 2453 1485 2546 poetis,
1510 2463 1554 2524 ut

503 2583 673 2662 tanquam
693 2569 854 2640 homines
870 2571 935 2640 irae
949 2570 1175 2661 impotentes,
1188 2570 1309 2640 omnia
1324 2592 1407 2664 quae
1423 2575 1554 2661 praesto

502 2686 646 2768 adsunt,
663 2705 739 2775 prae
756 2694 927 2776 concepta
944 2684 982 2754 in
1000 2684 1119 2756 animo
1139 2685 1367 2780 cogitatione,
1383 2684 1555 2778 languida

503 2811 541 2873 et
557 2800 677 2871 effoeta
688 2798 864 2893 judicent.
902 2800 1000 2871 Hinc
1017 2824 1093 2871 rem
1110 2801 1307 2873 terribilem
1323 2800 1426 2871 novis
1442 2801 1555 2871 oonti-

503 2938 576 2988 nuo
592 2914 741 3010 adjectis
758 2914 951 2987 terroribus
967 2939 1099 3011 augere
1115 2916 1300 3010 cogitante
1324 2914 1409 2986 hinc
1428 2916 1556 3008 exqui·
1677 2989 1678 2992 ,

503 3030 612 3103 situm
630 3030 774 3125 aliquod
790 3030 876 3101 dum
895 3042 1131 3123 aucupantur,
1144 3041 1183 3102 et
1193 3031 1291 3125 quod
1306 3028 1474 3122 imperita
1489 3030 1554 3100 fnl-
1676 3007 1678 3032 ¹

501 3145 545 3218 lit
562 3147 709 3229 lumina,
726 3170 798 3218 non
816 3169 897 3216 raro
913 3154 1055 3217 naturae
1077 3146 1177 3228 fines,
1195 3144 1352 3215 modicos
1377 3143 1456 3215 illos
1480 3146 1554 3235 ple·
1675 3182 1679 3214 s

502 3286 664 3356 rumque,
682 3261 859 3334 transilire
877 3262 1002 3332 solent.
1053 3260 1186 3331 Utrum
1205 3259 1327 3331 hocin
1344 3259 1433 3331 vitio
1448 3258 1496 3330 sit
1510 3258 1555 3329 il·

502 3378 566 3450 lud
582 3378 722 3449 Lucani
741 3376 846 3447 modo
863 3375 1054 3446 recitatum
1067 3398 1192 3460 necne,
1202 3375 1266 3445 rix
1282 3372 1397 3445 ausim
1414 3372 1553 3445 dicere:

503 3492 673 3581 pallorem
696 3490 874 3581 equidem,
892 3490 967 3562 sive
989 3514 1037 3561 ex
1059 3501 1159 3561 metu
1186 3490 1466 3582 proficisceretur
1490 3512 1554 3559 seu

502 3604 633 3685 furore,
645 3604 797 3675 eandem
811 3605 965 3695 speciem
982 3606 1176 3698 praebnisse
1193 3604 1558 3698 crediderim—quic-

503 3719 590 3813 quid
608 3728 728 3789 autem
746 3719 876 3789 diversi
893 3720 1008 3792 inesse
1024 3721 1243 3815 contigisset,
1256 3720 1296 3792 id
1312 3720 1390 3792 aliis
1406 3744 1456 3791 ex
1471 3743 1557 3791 cau·

502 3832 549 3905 sis
567 3834 733 3905 effectum
751 3857 838 3905 esse.

552 3948 615 4020 Sin
645 3959 766 4019 autem
794 3948 1012 4036 Aristotelis,
1040 3950 1242 4045 gravissimi
1270 3974 1355 4022 sane
1385 3952 1557 4021 humanae

504 4064 633 4143 mentis
650 4064 865 4156 interpretis,
878 4064 1013 4158 aliquid
1030 4066 1126 4159 apud
1144 4089 1207 4137 nos
1221 4068 1338 4139 valeat
1348 4066 1557 4149 auctoritas,
