3559 5575
459 551 504 618 52
828 549 950 616 PARS
972 549 1134 615 PRIMA
1325 553 1438 622 Pur..
1454 556 1520 624 IV.

459 725 624 820 simplex,
637 734 675 798 et
687 722 942 809 verecundum,
953 747 1022 797 nec
1035 734 1159 797 tamen
1171 725 1304 799 laetitie
1320 751 1362 800 ac
1377 729 1520 802 lumine

459 865 600 936 expers.
651 842 819 925 Quanam
835 839 874 912 in
891 841 1034 934 picture
1056 842 1187 914 elanus
1211 843 1352 917 elucere
1374 856 1520 939 poteret

460 960 559 1032 sinus
574 959 635 1030 ilie
651 957 857 1042 Africanus,
875 981 985 1052 quam
1001 957 1040 1030 in
1057 958 1114 1030 his
1130 958 1304 1055 Virgilii?

547 1073 609 1137 Est
623 1071 655 1136 in
670 1093 791 1136 secessu
805 1070 901 1160 longo
914 1071 1019 1136 locus:
1043 1072 1148 1136 insule
1159 1085 1291 1160 portum

547 1172 655 1239 Efficit
668 1172 794 1260 objectu
809 1172 964 1249 luterum3
988 1173 1106 1261 quibus
1118 1174 1222 1240 omnis
1234 1175 1277 1240 eb
1291 1174 1356 1240 ulto

546 1275 731 1363 Frangitur,
745 1275 841 1362 inque
855 1275 943 1340 sinus
955 1275 1070 1341 scindit
1084 1299 1149 1340 sese
1164 1276 1252 1342 unde
1264 1275 1422 1343 reductos

548 1378 635 1444 Hinc
650 1391 747 1466 atque
762 1377 836 1444 hinc
849 1391 947 1443 vestre
961 1401 1068 1466 rupes,
1082 1379 1264 1467 geminique
1277 1379 1438 1446 minentur

549 1484 591 1546 In
605 1482 721 1547 coelnm
737 1481 875 1570 scopuli:
900 1504 1038 1570 quorum
1053 1480 1114 1546 sub
1128 1481 1244 1548 vertice
1258 1482 1321 1548 lete

547 1586 696 1675 AEquore
709 1597 780 1650 tnta
792 1584 902 1650 silent:
927 1601 996 1650 tum
1011 1582 1097 1649 silvis
1111 1607 1203 1650 scens
1215 1586 1353 1652 coruscis

548 1691 706 1778 Desuper,
721 1688 925 1777 horrentique
938 1700 1044 1753 suum
1058 1709 1171 1752 nemus
1185 1688 1329 1754 imminet
1344 1689 1503 1858 umbre„68

1296 1792 1380 1857 ΕΝ.
1395 1794 1458 1856 1.1
1503 1841 1511 1854 .

460 1899 559 1970 Raro
588 1907 711 1968 sutem
740 1897 779 1966 in
808 1897 886 1966 haec
911 1895 1029 1988 spatie
1051 1896 1213 1969 excurrit
1229 1896 1416 1992 Virgilius,
1441 1923 1512 1971 uno

459 2014 534 2085 fere
551 2021 741 2083 contentus
756 2021 822 2083 eut
838 2011 977 2082 dnobus
994 2013 1154 2086 versibus
1171 2037 1243 2108 qno
1264 2014 1421 2110 regionis
1443 2014 1513 2086 for-

441 2135 556 2202 'mem
569 2127 760 2222 exprimet.
795 2127 946 2222 Nequeo
962 2138 1083 2201 temen
1103 2129 1192 2202 mihi
1208 2141 1408 2225 temperare
1425 2130 1511 2226 quin

459 2246 613 2318 alterum
630 2243 730 2316 vobis
748 2245 954 2337 exemplum
969 2246 1159 2338 proferam,
1177 2248 1274 2340 qnod
1298 2247 1335 2318 in
1362 2271 1426 2318 suo
1450 2271 1513 2342 ge-

458 2385 545 2436 nere
562 2361 652 2432 mihi
668 2383 807 2453 semper
823 2360 941 2432 visum
958 2371 1014 2433 est
1029 2361 1227 2456 egregium.
1278 2362 1396 2436 Italiae
1412 2386 1513 2435 oram

458 2485 715 2571 praetervectus
727 2477 859 2550 AEness
870 2477 951 2572 jam
968 2477 1120 2549 rubente
1131 2477 1277 2550 Aurora
1289 2478 1422 2573 Tybris
1436 2478 1514 2550 adit

459 2594 562 2679 ostia,

545 2714 629 2778 Cum
643 2712 729 2777 venti
743 2735 887 2799 posuere,
897 2709 1063 2798 omnisque
1077 2724 1206 2799 repente
1219 2712 1336 2778 resedit

544 2812 669 2893 Flntns,
684 2828 716 2879 et
730 2816 763 2878 iu
777 2813 863 2878 lento
876 2812 1038 2879 luctantur
1052 2836 1209 2879 marmore
1222 2828 1333 2881 tonsre.

544 2916 656 3002 Atque
670 2916 721 2981 hic
735 2914 854 2980 AEneus
867 2914 1027 3002 ingentem
1042 2940 1082 2981 ex
1096 2939 1223 3005 aequore
1237 2918 1346 2984 lucum

544 3018 718 3106 Prospicit:
742 3018 828 3085 hunc
842 3017 924 3083 inter
937 3017 1036 3084 fluvio
1052 3020 1236 3108 Tyberinus
1250 3045 1374 3089 amoeuo

544 3119 724 3185 Vorticibus
737 3120 866 3208 rapidis,
882 3134 914 3185 et
928 3121 1030 3187 multe
1043 3122 1145 3188 flavus
1158 3147 1263 3203 arene,

544 3224 586 3286 In
600 3244 685 3286 mere
698 3222 895 3312 prorumpit:
917 3223 1013 3289 verioe
1026 3223 1208 3313 circumque
1222 3249 1382 3314 supraque

543 3325 691 3391 Assuetoe
706 3324 782 3415 ripis
797 3325 939 3391 volucres
952 3339 985 3391 ct
998 3326 1137 3392 fluminis
1150 3327 1241 3393 nlveo

542 3426 678 3493 AEthers
691 3427 871 3494 mulcebunt
885 3441 992 3508 centu,
1007 3426 1144 3517 lucoque
1158 3428 1316 3496 volebant

1219 3533 1301 3599 AErs.
1316 3533 1398 3599 v11.
1412 3533 1467 3601 27.

456 3636 618 3719 (urentes
635 3637 694 3709 hic
715 3640 928 3711 haberemus
950 3660 1065 3733 nugas
1085 3636 1134 3709 de
1150 3638 1258 3711 variis
1281 3640 1449 3712 arborum
1471 3650 1511 3713 et

456 3755 641 3824 volucrum
667 3752 786 3824 forsan
813 3765 851 3827 et
876 3754 1006 3825 florum
1032 3754 1233 3850 generibus,
1259 3756 1305 3829 de
1331 3756 1510 3851 remigum

455 3875 556 3937 motu
573 3876 612 3937 et
629 3890 803 3961 equarum
819 3892 1015 3955 murmure,
1033 3870 1064 3943 si
1079 3871 1213 3944 Ovidio
1229 3883 1294 3946 aut
1310 3871 1511 3945 Claudiano

456 3983 582 4053 eedem
608 3983 779 4076 permissa
804 4008 860 4059 res
880 3986 993 4060 esset!
1020 3988 1075 4060 At
1096 3989 1169 4060 levi
1193 3990 1296 4084 qnasi
1320 3991 1511 4063 adumbre-

456 4098 555 4171 tione
579 4098 676 4171 facta
702 4122 810 4194 quarn
840 4100 877 4173 in
905 4101 1059 4198 Virgilio
1089 4104 1210 4176 omnia
1237 4108 1398 4203 subjecte
1425 4120 1511 4178 sunt

455 4213 586 4286 oculis!
613 4225 721 4310 etque
738 4216 790 4289 its
806 4218 968 4314 subjecta
982 4228 1026 4290 ut
1043 4242 1269 4313 nequaquam
1293 4220 1425 4293 fabulae
1448 4222 1511 4293 ob-

455 4330 671 4417 liviscamur,
688 4334 752 4407 sed
767 4334 920 4409 AEneam
937 4334 1056 4430 ipsum
1076 4334 1151 4410 leni
1172 4346 1210 4409 et
1225 4336 1367 4430 placido
1388 4338 1509 4432 perfu-

456 4472 534 4521 sum
551 4450 683 4543 gaudio
699 4473 896 4527 cernemus.
