3559 5575
944 105 1072 166 408
1248 101 1483 164 PARS
1517 99 1883 164 TERTIA
1917 99 2045 161 DE
2078 98 2441 162 PHANT.
2497 100 2724 162 Pam..
2758 99 3088 164 XXXI.

1116 272 1162 334 J
1166 293 1267 334 am
1300 285 1438 335 tum
1468 270 1689 358 religio
1716 268 1981 356 pavidos
2011 268 2284 333 terrebat
2311 282 2593 356 agrestes

1118 373 1278 437 Dira
1305 372 1459 436 loci:
1498 373 1634 458 jam
1666 385 1804 435 tum
1835 370 2054 435 silvam
2085 391 2437 457 saxumque
2465 371 2840 436 tremebant.

1120 475 1266 538 Hoc
1296 497 1539 552 nemuS,
1570 474 1740 538 hunc
1770 473 1979 560 inquit
2006 471 2307 537 frondoso
2335 472 2568 537 vertice
2596 472 2817 538 collem

1118 577 1308 658 (Quis
1331 578 1533 655 DeuS,
1556 576 1868 640 incertum
1892 578 2016 659 est)
2041 573 2287 639 habitat
2306 576 2503 638 Deus.
2542 575 2828 640 Arcades
2845 576 3071 665 ipsum

1116 679 1406 744 Credunt
1436 703 1502 743 se
1530 678 1759 743 vidisse
1788 680 1834 742 J
1839 700 2059 752 ovem;
2107 700 2254 741 cum
2287 701 2454 764 saepe
2483 677 2836 765 nigrantem

1119 780 1363 867 AEgida
1388 793 1751 845 concuteret
1782 779 2034 857 dextra,
2068 778 2442 865 nimbosque
2471 780 2680 844 cieret.

2390 880 2546 946 AEN.
2586 882 2787 946 VIII.
2816 884 2968 947 351.

942 1085 1045 1157 At
1088 1087 1261 1157 locis
1308 1086 1702 1157 foecundior
1747 1097 1858 1156 est
1892 1085 2252 1167 Lucanus,
2288 1084 2414 1178 qui
2468 1107 2701 1177 porro,
2735 1085 2799 1155 si
2841 1086 3061 1156 rebus

945 1226 1191 1295 parem
1226 1202 1595 1273 offudisset
1628 1200 1963 1272 carminis
1995 1199 2328 1295 gratiam,
2363 1210 2560 1271 certe
2604 1200 2699 1270 ad
2743 1223 3061 1271 commo-

943 1318 1252 1387 vendam
1303 1318 1490 1387 hanc
1539 1317 1630 1386 de
1682 1340 1827 1409 qua
1875 1313 2226 1407 quaeritur
2263 1315 2681 1385 facultatem
2716 1315 3060 1386 videntur

943 1432 1272 1524 aptiores.
1380 1430 1551 1500 Fuit
1586 1430 1878 1523 quidem
1910 1440 2261 1523 praeterea
2293 1430 2367 1499 in
2411 1430 2652 1500 animo
2689 1430 2914 1524 (quod
2961 1454 3058 1502 ne

941 1547 1303 1639 perficiam
1352 1557 1636 1638 tempus
1669 1549 1826 1640 jam
1866 1549 2094 1640 vetat)
2130 1545 2441 1616 nobilem
2481 1545 2832 1639 imprimis
2868 1549 3055 1641 ejus-

942 1662 1106 1732 dem
1143 1670 1376 1752 poetae
1409 1659 1727 1730 fabulam
1761 1660 1991 1731 fusius
2025 1660 2344 1753 exsequi,
2379 1661 2453 1729 in
2491 1683 2659 1752 qua,
2686 1660 3055 1732 Thessalae

941 1775 1243 1869 alicujus
1295 1765 1632 1846 veneficae'
1679 1775 1974 1862 artibus,
2027 1775 2344 1845 animam
2396 1773 2682 1865 penitus
2741 1775 3054 1846 exstinc-

941 1904 1091 1963 tam
1141 1904 1216 1963 et
1257 1893 1563 1963 solutam
1615 1914 1909 1984 corpore
1958 1915 2204 1962 rursus
2254 1889 2329 1960 in
2381 1890 2688 1961 cadaver
2735 1890 3054 1961 revocari

942 2007 1191 2102 fingit3
1243 2030 1500 2100 nempe
1537 2018 1620 2078 ut
1652 2007 1934 2078 futuras
1971 2005 2299 2097 Pompeii
2338 2006 2661 2075 fortunas
2707 2005 2855 2075 filio
2900 2008 3053 2100 ejus

937 2123 1320 2194 suscitanti
1386 2122 1681 2215 aperiat.
1786 2123 2083 2192 Summa
2141 2120 2407 2213 ubique
2465 2143 2632 2191 cum
2691 2122 3051 2217 gravitate

942 2251 1018 2311 et
1073 2241 1357 2334 copiosa
1405 2237 1738 2310 facinoris
1790 2236 2127 2309 horrendi
2185 2235 2684 2329 descriptione,
2735 2260 2867 2328 per
2920 2237 3053 2307 du-

942 2366 1186 2427 centos
1237 2356 1461 2426 ferme
1496 2378 1761 2436 versuS‚
1797 2377 1911 2424 res
1962 2351 2342 2422 deducitur
2361 2347 2426 2423 b2
2480 2353 2879 2444 praesertim
2928 2354 3052 2424 ubi

941 2473 1271 2542 umbram
1311 2473 1533 2565 juxta
1584 2469 2014 2551 a‘dstantem,
2062 2477 2437 2560 propterea
2481 2468 2676 2560 quod
2715 2468 2790 2538 in
2843 2469 3052 2540 cada-

941 2609 1067 2656 ver
1131 2585 1365 2654 redire
1433 2584 1637 2667 nolit,
1698 2584 1872 2653 diris
1934 2581 2481 2674 verberibusque
2551 2583 2808 2653 mulier
2866 2585 3050 2657 irata

940 2699 1361 2794 insequitur,
1396 2710 1468 2770 et
1503 2698 1854 2768 furiarum
1902 2720 2084 2768 vera
2133 2695 2429 2770 nomina
2475 2697 2726 2794 lingua
2773 2699 3048 2782 efferre,

939 2817 1019 2887 ni
1053 2816 1236 2887 votis
1270 2815 1530 2898 adsint,
1566 2813 1904 2885 minatur.
2009 2814 2195 2885 Sunt
2230 2816 2388 2884 haec
2428 2813 2718 2905 quidem
2766 2838 2810 2886 a
2861 2839 3052 2887 com-

943 2932 1149 3004 muni
1198 2957 1329 3003 usu
1384 2942 1458 3003 et
1504 2930 2020 3001 consuetudine
2071 2930 2496 3001 remotiora:
2550 2940 2627 3001 at
2661 2930 2858 3023 quod
2888 2955 3050 3003 raro

942 3048 1139 3119 dictu
1176 3047 1502 3142 contigit,
1536 3057 1612 3117 et
1645 3070 1833 3118 nova
1867 3046 2392 3139 quodammodo
2417 3046 2777 3128 videntur,
2803 3057 2880 3116 et
2904 3070 3046 3118 non

943 3164 1155 3234 nimis
1189 3163 1569 3256 exquisita.
1647 3163 1842 3233 Tum
1876 3162 2016 3233 ista
2051 3184 2260 3253 porro
2293 3185 2435 3233 non
2474 3172 2720 3233 carent
2757 3161 3044 3244 virtute,

942 3302 1105 3371 quae
1151 3280 1225 3349 in
1274 3278 1470 3349 omni
1502 3278 1864 3373 relig-ionis
1897 3277 2374 3348 instrumento
2410 3288 2520 3349 est
2555 3278 2938 3371 praecipua,
2971 3289 3044 3348 et

941 3416 1106 3486 quae
1139 3393 1211 3462 in
1250 3394 1442 3485 poe'si
1477 3390 1819 3463 veritati-s·
1848 3395 2004 3463 loco
2037 3403 2148 3464 est
2171 3394 2520 3477 habenda,
2552 3403 2630 3464 ut
2653 3394 2853 3465 fama
2882 3416 3048 3463 con-

942 3523 1138 3579 stans
1171 3507 1413 3591 fuerit,
1447 3519 1522 3579 et
1555 3507 1796 3600 aliqua
1829 3508 2024 3600 apud
2057 3511 2314 3603 yulgus
2347 3510 2439 3580 de
2473 3511 2584 3581 his
2617 3513 2830 3581 rebus
2865 3511 3051 3582 anti-

942 3625 1186 3718 quitus
1236 3635 1580 3716 concepta
1628 3624 1915 3717 opinio:
1970 3648 2115 3717 qua
2164 3626 2225 3695 si
2276 3625 2567 3696 omnino
2616 3626 3047 3698 destitutum

939 3741 1181 3825 fuerit,
1217 3742 1340 3812 vix
1389 3741 1462 3811 in
1511 3739 1957 3834 phantasiam
2013 3751 2421 3812 commento
2471 3742 2799 3834 quamvis
2850 3742 3051 3837 inge-

942 3858 1140 3930 nioso
1175 3869 1249 3930 et
1282 3858 1571 3930 terroris
1606 3859 1815 3951 pleno
1849 3855 2125 3948 patebit
2161 3856 2421 3927 aditus,

1467 4024 1491 4059 ¹²
1520 4024 1650 4081 vid.
1688 4024 1880 4081 Phar-s.
1915 4021 2015 4077 VI.
2049 4039 2186 4096 570.
2220 4021 2292 4078 ad
2323 4022 2514 4080 finem.
