3559 5575
244 128 474 191 Pam..
508 127 800 193 XXIX.
948 128 1077 193 DE
1125 127 1709 194 PHANTASIA.
2234 132 2366 201 879

246 300 444 373 mine
475 301 752 394 dignm,
789 300 1134 383 includat,
1169 300 1264 372 ad
1298 324 1554 393 pueros
1586 300 1779 373 illico
1813 310 1888 372 et
1921 302 2111 374 male
2153 303 2366 375 feria-

243 426 360 488 tos
395 414 904 487 versiculorum
940 415 1318 507 scriptores
1364 426 1476 488 est
1510 417 1929 511 ableganda.
2032 416 2201 489 Dici
2235 419 2364 490 vix

240 540 505 624 potest,
547 530 827 623 quoties
878 530 953 601 in
1006 534 1199 601 hunc
1250 532 1623 622 scopulum
1678 531 1982 604 offendit
2029 533 2367 606 Claudia-

241 672 423 720 nust
479 657 563 717 ut
603 647 919 719 facetum
973 647 1154 718 illud
1201 647 1526 719 Petronii
1578 671 1720 718 non
1774 648 2018 741 inepte
2076 649 2154 721 in
2208 652 2367 746 ejus

241 776 583 856 poemata
624 762 1047 834 conveniat:
1102 760 1205 834 N
1196 770 1402 833 ostra
1437 760 1651 857 regio
1685 771 1838 835 tam
1859 763 2368 858 praesentibm

222 876 479 973 plena
515 887 627 949 eet
652 874 1104 962 numinibus,
1130 875 1551 974 utfacilius
1569 877 1825 974 poesis
1849 877 2104 952 Deum
2139 904 2366 976 quam

241 992 611 1066 hominem
666 993 1022 1066 invenire.
1127 996 1332 1067 Nihil
1382 1020 1686 1090 usquam
1737 995 2008 1069 scilicet
2053 998 2192 1070 nisi
2223 999 2368 1072 Dei

242 1123 384 1183 aut
417 1112 791 1182 Daemonis
842 1112 1143 1208 alicujus
1194 1112 1589 1184 ministerio
1639 1114 1799 1183 vult
1848 1114 2143 1186 factum.
2245 1114 2368 1186 Sic

247 1228 770 1311 Theodosium,
804 1228 931 1321 qui
963 1229 1332 1301 literarum
1370 1253 1454 1301 ac
1494 1228 1963 1322 philosophiae
2008 1230 2367 1302 studiosus

246 1346 348 1416 ad
382 1345 737 1437 privatam
773 1369 850 1415 se
886 1345 1110 1416 vitam
1146 1349 1570 1429 contulerat,
1604 1346 1816 1418 Divae
1848 1347 1898 1418 J
1901 1346 2171 1419 ustitiae
2218 1371 2369 1418 mo-

245 1461 427 1532 nitis
491 1462 701 1556 fingit
756 1462 849 1531 ad
910 1462 1381 1535 Consulatum
1440 1473 1518 1534 et
1575 1463 1762 1557 juris
1819 1462 2368 1535 administrandi

251 1602 519 1650 munus
552 1577 1001 1670 perductum.

431 1716 478 1778 J
480 1737 583 1778 am
613 1713 728 1779 tibi
758 1715 1164 1803 compositam
1192 1716 1573 1781 fundaverat
1600 1715 1876 1780 anchora
1903 1717 2194 1806 puppim.

435 1816 716 1882 Telluris
735 1818 871 1906 jam
902 1832 1110 1882 certus
1139 1842 1310 1883 eras:
1360 1818 1634 1883 fecunda
1662 1818 1995 1906 placebant

434 1919 620 1985 Otia:
669 1934 991 1984 nascentes
1019 1920 1197 1984 ibant
1227 1919 1292 1982 in
1322 1919 1530 1983 secula
1557 1919 1722 1985 libri.

437 2025 603 2088 Cum
634 2021 847 2087 subito
873 2021 1117 2110 liquida
1145 2035 1486 2086 cessantem
1518 2021 1675 2086 vidit
1704 2022 1787 2087 ab
1816 2022 2017 2086 aethra

433 2123 714 2203 Justitia,
747 2139 812 2188 et
843 2138 1021 2189 tanto
1048 2123 1340 2188 viduatas
1358 2123 1579 2210 judice
1605 2123 1811 2212 leges:

436 2227 754 2292 Continuo
784 2228 1055 2292 frontem
1088 2226 1304 2290 nimbo
1333 2225 1540 2291 velata
1566 2226 1864 2342 pudicam

436 2331 689 2397 Deserit
719 2329 1041 2426 Autugnni
1071 2343 1307 2416 portas,
1336 2352 1465 2415 qua
1496 2329 1698 2416 vergit
1727 2329 1792 2393 in
1826 2331 2134 2395 Austrum
3204 2366 3219 2392 -1

441 2432 736 2520 Signifer,
767 2446 831 2497 et
860 2431 1060 2496 noctis
1088 2446 1382 2519 reparant
1410 2430 1741 2519 dispendia
1771 2431 2007 2497 Chelae.
3200 2406 3221 2510 ⁴,

438 2537 577 2598 Pax
606 2534 851 2614 avibus,
882 2556 1265 2621 quacunque
1294 2531 1504 2608 volat3
1555 2532 1924 2621 rabiemque
1951 2535 2288 2600 frementes
3207 2542 3223 2619 ζ

436 2640 805 2726 Deposuere
836 2638 1024 2702 ferae.
1070 2636 1324 2701 laetatur
1354 2650 1520 2702 terra
1546 2660 1799 2701 reverso
3215 2649 3219 2655 '

436 2740 740 2820 Numine,
770 2739 946 2828 quod
972 2738 1160 2827 prisci
1188 2752 1333 2827 post
1363 2753 1647 2827 tempora
1675 2738 1955 2827 perdidit
1983 2740 2138 2806 auri.

442 2843 565 2909 Illa
591 2867 705 2931 per
732 2842 1046 2907 occultum
1079 2843 1398 2929 Ligurum
1430 2866 1496 2906 se
1524 2844 1840 2909 moenibus
1865 2842 2077 2923 infert,
2111 2847 2221 2911 810.

550 2950 811 3011 CLAnn.
845 2947 954 3009 Dn
984 2947 1114 3009 Fr..
1145 2946 1389 3009 Mam..
1419 2946 1694 3011 Timon.
1728 2947 1936 3011 Com.
1965 2947 2196 3013 XVII.
2225 2949 2376 3015 113.

267 3089 464 3159 Tum
502 3084 988 3157 Theodosium
1024 3083 1491 3176 philosophiae
1539 3085 1796 3157 studiis
1836 3086 2122 3179 penitus
2169 3111 2378 3160 occu-

267 3213 520 3297 patum
555 3202 917 3297 ingressus
949 3199 1129 3271 Deae
1163 3199 1523 3293 paulisper
1554 3212 1979 3274 commovet.

441 3342 539 3406 Ut
567 3339 790 3428 procul
818 3337 1109 3426 adspexit
1137 3336 1447 3425 fulgentia
1477 3338 1737 3426 virginis
1765 3362 1898 3418 ora,

445 3443 888 3531 cognovitque
917 3443 1159 3507 Deam:
1210 3441 1425 3506 vultus
1454 3456 1789 3507 veneratus
1816 3442 2046 3507 amicos

444 3546 758 3625 Occurrit,
789 3544 1167 3632 scriptaeque
1193 3557 1375 3608 notas
1398 3543 1733 3609 confundit
1759 3567 1984 3610 arenae.

442 3650 627 3713 Tunc
657 3647 743 3713 sic
772 3647 944 3712 Diva
969 3646 1166 3736 prior,
1199 3649 1313 3711 &c.

271 3780 474 3855 Rem'
494 3802 781 3853 omnem
815 3779 1009 3850 hunc
1043 3778 1269 3849 ferme
1302 3777 1396 3849 ad
1426 3778 1720 3849 modum
1754 3780 2211 3873 prosequitur
2253 3803 2378 3851 ne-

272 3922 412 3993 que
458 3904 809 3988 conceptu
853 3895 1252 3986 pulchram,
1285 3917 1519 3987 neque
1564 3895 1658 3967 ad
1707 3895 1925 3968 fidem
1974 3894 2377 3968 faciendam

272 4025 541 4108 aptam,
575 4033 808 4105 neque
840 4010 1211 4083 intellectu
1237 4011 1659 4104 jucundam.
1737 4011 2015 4094 Quibus
2049 4008 2380 4084 omnibus

2693 4352 3066 4619 f*
3246 4520 3266 4560 „
