3559 5575
483 489 525 588 ao
736 484 1028 554 runnucrro
1051 483 1285 550 saeuum.

483 664 566 736 dam
584 660 758 743 doctrina,
776 683 846 731 non
865 683 908 732 ea
924 682 1009 730 sane
1025 681 1073 730 ex
1089 659 1275 730 rhetorum
1299 657 1450 731 officinis
1474 661 1539 732 sed

482 779 626 873 penitus
650 801 698 849 ex
723 774 852 847 intima
876 775 1097 868 philosophia
1119 774 1330 858 haurienda,
1349 787 1539 869 propterea

483 906 599 968 totam
623 896 717 965 hanc
741 901 880 987 partem
904 914 1062 962 seorsum
1088 892 1300 963 sumendam
1322 892 1426 976 duxi,
1443 905 1539 987 post·

484 1035 593 1105 quam
611 1010 697 1082 satis
712 1011 758 1081 de
769 1008 877 1102 priori
892 1007 1001 1079 luerit
1013 1007 1249 1100 disputatum.
1284 1008 1381 1079 Illud
1395 1020 1537 1082 tantum

483 1126 620 1220 reliquo
646 1126 800 1198 sermoni
825 1124 1035 1218 praemuniri
1052 1123 1173 1207 velim,
1189 1134 1231 1197 ut
1248 1125 1394 1218 quando
1416 1149 1539 1198 exem·

483 1243 551 1337 plis
568 1253 651 1314 utar
667 1266 738 1336 quo
758 1238 926 1312 materiae
942 1240 1100 1312 Poeticae
1117 1240 1191 1310 vim
1218 1241 1432 1333 apertiorem
1457 1243 1539 1314 red·

483 1359 579 1443 dam,
596 1359 723 1432 iisdem
740 1359 889 1432 fortasse
906 1353 1002 1450 stylo
1017 1366 1055 1428 et
1068 1355 1246 1428 suavitate
1262 1358 1430 1430 carminis
1446 1382 1538 1451 prae·

484 1473 673 1558 stantibus
686 1484 806 1546 tamen
821 1473 861 1544 id
873 1493 921 1543 ne
936 1471 1017 1565 quis
1035 1470 1124 1542 mihi
1136 1469 1284 1542 incuriae
1293 1481 1422 1557 vertat,
1435 1473 1538 1566 quasi

482 1591 695 1684 longinquas
718 1613 912 1684 persequar
931 1587 1126 1679 voluptatis
1148 1611 1284 1675 causas,
1305 1588 1362 1659 his
1386 1611 1469 1682 qnae
1498 1588 1536 1658 in

482 1716 651 1799 promptu
665 1717 748 1778 sunt
761 1717 824 1778 aut
836 1703 1031 1777 latentibus
1043 1713 1109 1774 aut
1121 1712 1257 1774 temere
1268 1703 1413 1775 relictis.
1439 1703 1536 1774 Nam

482 1820 567 1892 licet
579 1822 728 1893 istarum
742 1843 862 1894 rerum
876 1843 1007 1916 magna
1019 1819 1077 1902 sit,
1090 1819 1184 1891 sicut
1193 1830 1260 1904 eat,
1271 1819 1309 1891 in
1323 1820 1536 1892 deliniendis

485 1937 664 2009 mentibus
693 1947 849 2029 potestas
881 1937 949 2028 (ita
976 1947 1019 2008 ut
1045 1959 1126 2029 quae
1154 1935 1211 2007 his
1239 1937 1536 2022 loretdestituta

484 2053 582 2124 nulla
599 2053 745 2123 omnino
762 2053 808 2124 sit
825 2051 956 2145 poesis)
977 2061 1097 2123 tamen
1115 2051 1153 2121 in
1172 2050 1297 2122 alienis
1312 2053 1536 2144 perpenden-

483 2167 539 2238 dis
568 2167 683 2239 causis
713 2191 794 2262 quae
823 2169 930 2260 paulo
960 2165 1208 2239 reconditioris
1237 2178 1323 2240 sunt
1348 2168 1534 2252 doctrinae,

483 2284 573 2356 nihil
603 2307 691 2377 opus
716 2293 771 2354 est
797 2294 839 2355 ut
864 2285 974 2355 ullam
1001 2285 1129 2355 harum
1159 2306 1241 2376 quae
1268 2283 1472 2378 ubicunque
1496 2309 1534 2356 se

482 2399 666 2472 insinuant
683 2400 859 2472 rationem
877 2403 1082 2472 habeamus.
1124 2400 1435 2483 Quemadmodum
1454 2401 1536 2472 Ma·

482 2518 667 2590 thematici
701 2520 827 2603 solent,
855 2542 937 2590 cum
968 2517 1119 2588 diversae
1148 2538 1205 2587 res
1234 2515 1389 2587 invicem
1416 2516 1535 2589 oonfe-

481 2644 622 2722 rantur,
648 2658 720 2728 quo
745 2636 876 2707 mentis
902 2635 995 2706 acies
1020 2633 1194 2719 firmetur,
1219 2656 1240 2704 e
1265 2630 1384 2704 medio
1409 2634 1534 2705 tollere

455 2751 457 2756 '
482 2771 705 2843 quaecunque
722 2750 871 2845 singulis
887 2749 961 2821 sint
977 2747 1190 2822 communia.

530 2865 615 2935 Jam
634 2888 728 2949 vero,
746 2876 788 2936 ut
809 2865 1085 2938 delectationem
1109 2866 1217 2937 istam
1242 2865 1428 2937 videamus
1452 2889 1533 2971 quae

481 3003 528 3051 ex
544 2978 704 3051 materia
722 3005 867 3075 poeseos
888 2981 1051 3066 efficitur,
1069 2985 1171 3078 cujus
1194 2992 1326 3054 natura
1347 2982 1464 3055 omnis
1485 3006 1533 3054 ex

481 3096 667 3166 hominum
701 3107 831 3169 natura
864 3108 920 3169 est
952 3099 1159 3190 repetenda,
1193 3108 1349 3192 quatuor
1387 3098 1533 3169 omnino

480 3212 656 3305 principia
689 3224 787 3285 recte
820 3214 907 3307 poni
936 3214 1116 3298 videntur,
1143 3239 1163 3286 e
1193 3216 1322 3308 quibus
1348 3225 1427 3288 tota
1454 3217 1533 3287 haec

480 3330 635 3421 pendeat
653 3330 826 3405 doctrina.

531 3446 625 3519 Nam
652 3446 769 3541 primo
795 3446 907 3542 (quod
931 3446 1108 3540 plerisque
1133 3446 1283 3537 placuit)
1307 3446 1442 3518 homini
1469 3446 1534 3517 tri·

480 3563 608 3635 butum
627 3574 681 3638 est
698 3575 838 3649 natura,
856 3574 898 3636 ut
915 3565 962 3635 ad
979 3561 1196 3634 imitandum
1219 3562 1266 3634 ait
1284 3564 1461 3656 proclivis,
1478 3573 1533 3636 at·

481 3700 551 3769 que
568 3680 666 3751 omni
682 3703 802 3750 rerum
818 3679 1021 3751 imitatione
1037 3678 1301 3772 quodammodo
1323 3679 1532 3751 delectetur.

482 3792 588 3875 Quod
611 3795 700 3865 adeo
722 3795 760 3864 in
781 3794 900 3887 pueris
925 3795 1155 3889 barbarisque
1178 3796 1346 3891 gentibus
1371 3794 1533 3883 animad-¹

483 3931 624 3979 versum
658 3920 723 3994 est,
753 3912 850 4004 apud
883 3934 971 4004 quos
1004 3910 1043 3982 id
1076 3936 1144 3983 usu
1178 3922 1242 3984 aut
1275 3913 1533 3987 consuetudine

482 4024 624 4096 evenire
651 4048 756 4098 nemo
782 4026 993 4119 suspicatur,
1018 4037 1061 4096 ut
1090 4029 1209 4098 nullus
1239 4026 1286 4099 sit
1316 4026 1532 4101 dubitationi

480 4140 590 4223 locus,
607 4141 693 4235 quin
711 4143 780 4214 hoc
796 4142 898 4238 quasi
915 4140 1065 4213 insitum
1085 4146 1243 4215 humano
1263 4144 1387 4240 generi
1410 4144 1534 4215 creda·

482 4279 571 4327 mus.
641 4258 739 4329 Hinc
781 4282 903 4329 omnes
945 4258 1094 4351 picturis
1127 4258 1309 4354 signisque
1341 4258 1532 4331 trahimur.

482 4372 580 4449 Hinc
612 4376 723 4449 etiam
756 4376 905 4449 rudibus
937 4397 1057 4447 rerum
1092 4376 1215 4447 formis
1248 4376 1389 4467 barbari
1422 4387 1531 4471 atque
