<?xml version="1.0" encoding="UTF-8"?>
<!DOCTYPE html PUBLIC "-//W3C//DTD XHTML 1.0 Transitional//EN"
    "http://www.w3.org/TR/xhtml1/DTD/xhtml1-transitional.dtd">
<html xmlns="http://www.w3.org/1999/xhtml" xml:lang="en" lang="en">
 <head>
  <title>
</title>
<meta http-equiv="Content-Type" content="text/html;charset=utf-8" />
  <meta name='ocr-system' content='tesseract 3.04.00' />
  <meta name='ocr-capabilities' content='ocr_page ocr_carea ocr_par ocr_line ocrx_word'/>
</head>
<body>
  <div class='ocr_page' id='page_1' title='image "./praelectionesac00coplgoog_0443.png"; bbox 0 0 3559 5575; ppageno 0'>
   <div class='ocr_carea' id='block_1_1' title="bbox 462 17 1545 122">
    <p class='ocr_par' dir='ltr' id='par_1_1' title="bbox 462 17 1545 122">
     <span class='ocr_line' id='line_1_1' title="bbox 462 17 1545 122; baseline -0.006 0"><span class='ocrx_word' id='word_1_1' title='bbox 462 55 528 122; x_wconf 75' lang='lat'><strong>446</strong></span> <span class='ocrx_word' id='word_1_2' title='bbox 585 52 1188 120; x_wconf 73' lang='lat' dir='ltr'><strong>Pnasnaa&#39;rmunnuxua</strong></span> <span class='ocrx_word' id='word_1_3' title='bbox 1227 17 1545 118; x_wconf 58' lang='lat' dir='ltr'><strong>nsanxxxiv.</strong></span> 
     </span>
    </p>
   </div>
   <div class='ocr_carea' id='block_1_2' title="bbox 518 221 1489 2636">
    <p class='ocr_par' dir='ltr' id='par_1_2' title="bbox 548 221 1489 595">
     <span class='ocr_line' id='line_1_2' title="bbox 551 221 1387 308; baseline -0.002 -17"><span class='ocrx_word' id='word_1_4' title='bbox 551 226 592 291; x_wconf 89' lang='lat' dir='ltr'><strong>In</strong></span> <span class='ocrx_word' id='word_1_5' title='bbox 606 222 711 290; x_wconf 84' lang='lat' dir='ltr'><strong>medio</strong></span> <span class='ocrx_word' id='word_1_6' title='bbox 723 223 802 288; x_wconf 90' lang='lat' dir='ltr'><strong>mihi</strong></span> <span class='ocrx_word' id='word_1_7' title='bbox 816 225 925 288; x_wconf 84' lang='lat' dir='ltr'><strong>Caesar</strong></span> <span class='ocrx_word' id='word_1_8' title='bbox 939 222 1010 300; x_wconf 86' lang='lat' dir='ltr'><strong>erit,</strong></span> <span class='ocrx_word' id='word_1_9' title='bbox 1026 221 1244 308; x_wconf 87' lang='lat' dir='ltr'><strong>templumque</strong></span> <span class='ocrx_word' id='word_1_10' title='bbox 1259 225 1387 289; x_wconf 79' lang='lat' dir='ltr'>tenebit.</span> 
     </span>
     <span class='ocr_line' id='line_1_3' title="bbox 549 322 1389 411; baseline -0.004 -18"><span class='ocrx_word' id='word_1_11' title='bbox 549 329 689 393; x_wconf 76' lang='lat' dir='ltr'><strong>centum</strong></span> <span class='ocrx_word' id='word_1_12' title='bbox 701 323 911 411; x_wconf 84' lang='lat' dir='ltr'><strong>quadrijugos</strong></span> <span class='ocrx_word' id='word_1_13' title='bbox 921 323 1049 411; x_wconf 83' lang='lat' dir='ltr'><strong>agitabo</strong></span> <span class='ocrx_word' id='word_1_14' title='bbox 1060 325 1103 388; x_wconf 86' lang='lat' dir='ltr'><strong>ad</strong></span> <span class='ocrx_word' id='word_1_15' title='bbox 1119 322 1251 388; x_wconf 86' lang='lat' dir='ltr'><strong>flumina</strong></span> <span class='ocrx_word' id='word_1_16' title='bbox 1264 347 1389 392; x_wconf 84' lang='lat' dir='ltr'><strong>currus.</strong></span> 
     </span>
     <span class='ocr_line' id='line_1_4' title="bbox 548 424 1489 515; baseline -0.005 -18"><span class='ocrx_word' id='word_1_17' title='bbox 548 431 673 496; x_wconf 85' lang='lat' dir='ltr'><strong>Cuncta</strong></span> <span class='ocrx_word' id='word_1_18' title='bbox 686 427 775 506; x_wconf 88' lang='lat' dir='ltr'><strong>mihi,</strong></span> <span class='ocrx_word' id='word_1_19' title='bbox 789 427 955 515; x_wconf 87' lang='lat' dir='ltr'><strong>Alpheum</strong></span> <span class='ocrx_word' id='word_1_20' title='bbox 970 425 1118 512; x_wconf 89' lang='lat' dir='ltr'><strong>linquens</strong></span> <span class='ocrx_word' id='word_1_21' title='bbox 1130 424 1282 513; x_wconf 85' lang='lat' dir='ltr'><strong>lucosque</strong></span> <span class='ocrx_word' id='word_1_22' title='bbox 1297 427 1489 506; x_wconf 75' lang='lat' dir='ltr'><strong>Molorchi,</strong></span> 
     </span>
     <span class='ocr_line' id='line_1_5' title="bbox 549 527 1278 595; baseline -0.007 0"><span class='ocrx_word' id='word_1_23' title='bbox 549 529 705 595; x_wconf 78' lang='lat' dir='ltr'>Cursibus</span> <span class='ocrx_word' id='word_1_24' title='bbox 718 543 751 595; x_wconf 89' lang='lat' dir='ltr'><strong>et</strong></span> <span class='ocrx_word' id='word_1_25' title='bbox 763 529 865 594; x_wconf 87' lang='lat' dir='ltr'><strong>crudo</strong></span> <span class='ocrx_word' id='word_1_26' title='bbox 878 529 1026 593; x_wconf 85' lang='lat' dir='ltr'><strong>decernet</strong></span> <span class='ocrx_word' id='word_1_27' title='bbox 1041 527 1168 593; x_wconf 81' lang='lat' dir='ltr'><strong>Graecia</strong></span> <span class='ocrx_word' id='word_1_28' title='bbox 1181 542 1278 594; x_wconf 88' lang='lat' dir='ltr'><strong>cestu.</strong></span> 
     </span>
    </p>

    <p class='ocr_par' dir='ltr' id='par_1_3' title="bbox 550 628 1194 719">
     <span class='ocr_line' id='line_1_6' title="bbox 550 628 1194 719; baseline -0.008 -22"><span class='ocrx_word' id='word_1_29' title='bbox 550 632 625 719; x_wconf 82' lang='lat' dir='ltr'><strong>lpse</strong></span> <span class='ocrx_word' id='word_1_30' title='bbox 638 643 735 718; x_wconf 88' lang='lat' dir='ltr'><strong>caput</strong></span> <span class='ocrx_word' id='word_1_31' title='bbox 749 643 849 695; x_wconf 86' lang='lat' dir='ltr'><strong>tonsae</strong></span> <span class='ocrx_word' id='word_1_32' title='bbox 863 628 947 693; x_wconf 81' lang='lat' dir='ltr'><strong>foliis</strong></span> <span class='ocrx_word' id='word_1_33' title='bbox 958 641 1089 692; x_wconf 88' lang='lat' dir='ltr'><strong>omatus</strong></span> <span class='ocrx_word' id='word_1_34' title='bbox 1102 628 1194 694; x_wconf 84' lang='lat' dir='ltr'><strong>olivae</strong></span> 
     </span>
    </p>

    <p class='ocr_par' dir='ltr' id='par_1_4' title="bbox 548 728 1423 921">
     <span class='ocr_line' id='line_1_7' title="bbox 549 728 1423 819; baseline -0.001 -23"><span class='ocrx_word' id='word_1_35' title='bbox 549 733 645 796; x_wconf 89' lang='lat' dir='ltr'><strong>Dona</strong></span> <span class='ocrx_word' id='word_1_36' title='bbox 657 732 769 796; x_wconf 85' lang='lat' dir='ltr'><strong>feram.</strong></span> <span class='ocrx_word' id='word_1_37' title='bbox 796 769 800 776; x_wconf 40' lang='grc' dir='ltr'><em>ι</em></span> <span class='ocrx_word' id='word_1_38' title='bbox 813 733 889 796; x_wconf 84' lang='lat' dir='ltr'><strong>Jam</strong></span> <span class='ocrx_word' id='word_1_39' title='bbox 905 753 990 794; x_wconf 90' lang='lat' dir='ltr'><strong>nunc</strong></span> <span class='ocrx_word' id='word_1_40' title='bbox 1005 728 1147 795; x_wconf 79' lang='lat' dir='ltr'><strong>solennes</strong></span> <span class='ocrx_word' id='word_1_41' title='bbox 1160 729 1276 794; x_wconf 83' lang='lat' dir='ltr'><strong>ducere</strong></span> <span class='ocrx_word' id='word_1_42' title='bbox 1289 753 1423 819; x_wconf 87' lang='lat' dir='ltr'><strong>pompas</strong></span> 
     </span>
     <span class='ocr_line' id='line_1_8' title="bbox 548 831 1346 921; baseline -0.001 -22"><span class='ocrx_word' id='word_1_43' title='bbox 548 834 606 899; x_wconf 90' lang='lat' dir='ltr'><strong>Ad</strong></span> <span class='ocrx_word' id='word_1_44' title='bbox 620 832 755 899; x_wconf 88' lang='lat' dir='ltr'><strong>delubra</strong></span> <span class='ocrx_word' id='word_1_45' title='bbox 763 835 868 921; x_wconf 88' lang='lat' dir='ltr'><strong>juvat,</strong></span> <span class='ocrx_word' id='word_1_46' title='bbox 884 855 1044 921; x_wconf 82' lang='lat' dir='ltr'><strong>caesosque</strong></span> <span class='ocrx_word' id='word_1_47' title='bbox 1057 831 1164 896; x_wconf 82' lang='lat' dir='ltr'><strong>videre</strong></span> <span class='ocrx_word' id='word_1_48' title='bbox 1173 832 1346 919; x_wconf 48' lang='lat' dir='ltr'><strong>juvenco&amp;</strong></span> 
     </span>
    </p>

    <p class='ocr_par' dir='ltr' id='par_1_5' title="bbox 550 933 1331 1126">
     <span class='ocr_line' id='line_1_9' title="bbox 550 933 1331 1021; baseline -0.003 -21"><span class='ocrx_word' id='word_1_49' title='bbox 550 936 610 1000; x_wconf 88' lang='lat' dir='ltr'><strong>Vel</strong></span> <span class='ocrx_word' id='word_1_50' title='bbox 622 958 715 1002; x_wconf 87' lang='lat' dir='ltr'><strong>scena</strong></span> <span class='ocrx_word' id='word_1_51' title='bbox 729 949 766 1000; x_wconf 88' lang='lat' dir='ltr'><strong>ut</strong></span> <span class='ocrx_word' id='word_1_52' title='bbox 779 935 876 999; x_wconf 83' lang='lat' dir='ltr'><strong>versis</strong></span> <span class='ocrx_word' id='word_1_53' title='bbox 889 934 1031 1000; x_wconf 85' lang='lat' dir='ltr'><strong>discedat</strong></span> <span class='ocrx_word' id='word_1_54' title='bbox 1044 933 1215 1013; x_wconf 83' lang='lat' dir='ltr'><strong>frontibus,</strong></span> <span class='ocrx_word' id='word_1_55' title='bbox 1231 947 1331 1021; x_wconf 90' lang='lat' dir='ltr'><strong>utque</strong></span> 
     </span>
     <span class='ocr_line' id='line_1_10' title="bbox 552 1035 1258 1126; baseline -0.006 -23"><span class='ocrx_word' id='word_1_56' title='bbox 552 1039 722 1126; x_wconf 84' lang='lat' dir='ltr'><strong>Purpurea</strong></span> <span class='ocrx_word' id='word_1_57' title='bbox 733 1037 845 1102; x_wconf 82' lang='lat' dir='ltr'>intexti</span> <span class='ocrx_word' id='word_1_58' title='bbox 860 1035 972 1101; x_wconf 84' lang='lat' dir='ltr'><strong>tollant</strong></span> <span class='ocrx_word' id='word_1_59' title='bbox 985 1036 1088 1102; x_wconf 79' lang='lat' dir='ltr'><strong>aulaea</strong></span> <span class='ocrx_word' id='word_1_60' title='bbox 1103 1036 1258 1102; x_wconf 77' lang='lat' dir='ltr'><strong>Britanni.</strong></span> 
     </span>
    </p>

    <p class='ocr_par' dir='ltr' id='par_1_6' title="bbox 551 1137 1424 1532">
     <span class='ocr_line' id='line_1_11' title="bbox 552 1137 1391 1226; baseline -0.002 -20"><span class='ocrx_word' id='word_1_61' title='bbox 552 1142 594 1206; x_wconf 85' lang='lat' dir='ltr'><strong>In</strong></span> <span class='ocrx_word' id='word_1_62' title='bbox 607 1140 729 1206; x_wconf 83' lang='lat' dir='ltr'><strong>foribus</strong></span> <span class='ocrx_word' id='word_1_63' title='bbox 742 1161 883 1226; x_wconf 89' lang='lat' dir='ltr'><strong>pugnam</strong></span> <span class='ocrx_word' id='word_1_64' title='bbox 897 1161 938 1204; x_wconf 84' lang='lat' dir='ltr'><strong>ex</strong></span> <span class='ocrx_word' id='word_1_65' title='bbox 952 1161 1031 1204; x_wconf 88' lang='lat' dir='ltr'><strong>auro</strong></span> <span class='ocrx_word' id='word_1_66' title='bbox 1045 1137 1209 1226; x_wconf 88' lang='lat' dir='ltr'><strong>solidoque</strong></span> <span class='ocrx_word' id='word_1_67' title='bbox 1223 1137 1391 1225; x_wconf 87' lang='lat' dir='ltr'><strong>elephanto</strong></span> 
     </span>
     <span class='ocr_line' id='line_1_12' title="bbox 552 1240 1372 1329; baseline 0 -23"><span class='ocrx_word' id='word_1_68' title='bbox 552 1241 773 1329; x_wconf 67' lang='lat' dir='ltr'><strong>Gangaridum</strong></span> <span class='ocrx_word' id='word_1_69' title='bbox 787 1241 911 1320; x_wconf 86' lang='lat' dir='ltr'><strong>faciam,</strong></span> <span class='ocrx_word' id='word_1_70' title='bbox 926 1240 1116 1326; x_wconf 83' lang='lat' dir='ltr'><strong>victorisque</strong></span> <span class='ocrx_word' id='word_1_71' title='bbox 1130 1260 1218 1306; x_wconf 82' lang='lat' dir='ltr'><strong>arma</strong></span> <span class='ocrx_word' id='word_1_72' title='bbox 1232 1240 1372 1319; x_wconf 84' lang='lat' dir='ltr'><strong>Quirini:</strong></span> 
     </span>
     <span class='ocr_line' id='line_1_13' title="bbox 551 1342 1424 1432; baseline 0.002 -24"><span class='ocrx_word' id='word_1_73' title='bbox 551 1345 660 1432; x_wconf 79' lang='lat' dir='ltr'><strong>Atque</strong></span> <span class='ocrx_word' id='word_1_74' title='bbox 672 1344 724 1410; x_wconf 88' lang='lat' dir='ltr'><strong>hic</strong></span> <span class='ocrx_word' id='word_1_75' title='bbox 739 1343 911 1408; x_wconf 88' lang='lat' dir='ltr'><strong>undantem</strong></span> <span class='ocrx_word' id='word_1_76' title='bbox 924 1342 1021 1424; x_wconf 86' lang='lat' dir='ltr'><strong>bello,</strong></span> <span class='ocrx_word' id='word_1_77' title='bbox 1034 1365 1249 1432; x_wconf 89' lang='lat' dir='ltr'><strong>magnumque</strong></span> <span class='ocrx_word' id='word_1_78' title='bbox 1262 1343 1424 1410; x_wconf 84' lang='lat' dir='ltr'><strong>fluentem·</strong></span> 
     </span>
     <span class='ocr_line' id='line_1_14' title="bbox 552 1443 1284 1532; baseline -0.001 -21"><span class='ocrx_word' id='word_1_79' title='bbox 552 1445 675 1524; x_wconf 90' lang='lat' dir='ltr'><strong>Nilum,</strong></span> <span class='ocrx_word' id='word_1_80' title='bbox 690 1468 727 1510; x_wconf 90' lang='lat' dir='ltr'><strong>ac</strong></span> <span class='ocrx_word' id='word_1_81' title='bbox 742 1444 845 1510; x_wconf 88' lang='lat' dir='ltr'><strong>navali</strong></span> <span class='ocrx_word' id='word_1_82' title='bbox 859 1457 1022 1532; x_wconf 71' lang='lat' dir='ltr'><strong>surgentes</strong></span> <span class='ocrx_word' id='word_1_83' title='bbox 1036 1467 1099 1508; x_wconf 86' lang='lat' dir='ltr'><strong>aere</strong></span> <span class='ocrx_word' id='word_1_84' title='bbox 1112 1443 1284 1510; x_wconf 85' lang='lat' dir='ltr'><strong>columnas.</strong></span> 
     </span>
    </p>

    <p class='ocr_par' dir='ltr' id='par_1_7' title="bbox 551 1545 1443 1736">
     <span class='ocr_line' id='line_1_15' title="bbox 551 1545 1443 1636; baseline 0.002 -25"><span class='ocrx_word' id='word_1_85' title='bbox 551 1546 683 1611; x_wconf 84' lang='lat' dir='ltr'><strong>Addam</strong></span> <span class='ocrx_word' id='word_1_86' title='bbox 697 1546 792 1610; x_wconf 82' lang='lat' dir='ltr'><strong>urbes</strong></span> <span class='ocrx_word' id='word_1_87' title='bbox 805 1545 890 1610; x_wconf 76' lang='lat' dir='ltr'><strong>Asiae</strong></span> <span class='ocrx_word' id='word_1_88' title='bbox 904 1546 1049 1625; x_wconf 85' lang='lat' dir='ltr'><strong>domitas,</strong></span> <span class='ocrx_word' id='word_1_89' title='bbox 1064 1546 1256 1634; x_wconf 88' lang='lat' dir='ltr'><strong>pulsumque</strong></span> <span class='ocrx_word' id='word_1_90' title='bbox 1268 1546 1443 1636; x_wconf 84' lang='lat' dir='ltr'><strong>Niphaten,</strong></span> 
     </span>
     <span class='ocr_line' id='line_1_16' title="bbox 552 1646 1377 1736; baseline 0.006 -27"><span class='ocrx_word' id='word_1_91' title='bbox 552 1646 783 1732; x_wconf 82' lang='lat' dir='ltr'><strong>Fidentemque</strong></span> <span class='ocrx_word' id='word_1_92' title='bbox 797 1647 877 1734; x_wconf 81' lang='lat' dir='ltr'><strong>luga</strong></span> <span class='ocrx_word' id='word_1_93' title='bbox 892 1648 1049 1712; x_wconf 86' lang='lat' dir='ltr'><strong>Parthum</strong></span> <span class='ocrx_word' id='word_1_94' title='bbox 1063 1649 1224 1736; x_wconf 81' lang='lat' dir='ltr'><strong>versisque</strong></span> <span class='ocrx_word' id='word_1_95' title='bbox 1239 1647 1377 1736; x_wconf 78' lang='lat' dir='ltr'><strong>sagittis:</strong></span> 
     </span>
    </p>

    <p class='ocr_par' dir='ltr' id='par_1_8' title="bbox 552 1746 1338 2041">
     <span class='ocr_line' id='line_1_17' title="bbox 552 1746 1338 1838; baseline 0.003 -25"><span class='ocrx_word' id='word_1_96' title='bbox 552 1750 599 1813; x_wconf 86' lang='lat' dir='ltr'><strong>Et</strong></span> <span class='ocrx_word' id='word_1_97' title='bbox 613 1746 679 1812; x_wconf 92' lang='lat' dir='ltr'><strong>duo</strong></span> <span class='ocrx_word' id='word_1_98' title='bbox 693 1763 785 1834; x_wconf 82' lang='lat' dir='ltr'><strong>rapta</strong></span> <span class='ocrx_word' id='word_1_99' title='bbox 798 1771 894 1813; x_wconf 85' lang='lat' dir='ltr'><strong>manu</strong></span> <span class='ocrx_word' id='word_1_100' title='bbox 910 1748 1035 1814; x_wconf 85' lang='lat' dir='ltr'><strong>diverso</strong></span> <span class='ocrx_word' id='word_1_101' title='bbox 1048 1774 1088 1814; x_wconf 91' lang='lat' dir='ltr'><strong>ex</strong></span> <span class='ocrx_word' id='word_1_102' title='bbox 1104 1749 1193 1816; x_wconf 90' lang='lat' dir='ltr'><strong>hoste</strong></span> <span class='ocrx_word' id='word_1_103' title='bbox 1208 1765 1338 1838; x_wconf 71' lang='lat' dir='ltr'><strong>tropaea,</strong></span> 
     </span>
     <span class='ocr_line' id='line_1_18' title="bbox 553 1849 1336 1939; baseline 0.003 -26"><span class='ocrx_word' id='word_1_104' title='bbox 553 1849 672 1936; x_wconf 86' lang='lat' dir='ltr'><strong>Bisque</strong></span> <span class='ocrx_word' id='word_1_105' title='bbox 686 1849 896 1937; x_wconf 82' lang='lat' dir='ltr'><strong>triumphatas</strong></span> <span class='ocrx_word' id='word_1_106' title='bbox 909 1867 1045 1938; x_wconf 78' lang='lat' dir='ltr'><strong>uuoque</strong></span> <span class='ocrx_word' id='word_1_107' title='bbox 1059 1852 1100 1916; x_wconf 89' lang='lat' dir='ltr'><strong>ah</strong></span> <span class='ocrx_word' id='word_1_108' title='bbox 1114 1851 1206 1917; x_wconf 91' lang='lat' dir='ltr'><strong>litore</strong></span> <span class='ocrx_word' id='word_1_109' title='bbox 1218 1868 1336 1939; x_wconf 77' lang='lat' dir='ltr'><strong>gentes.</strong></span> 
     </span>
     <span class='ocr_line' id='line_1_19' title="bbox 554 1951 1258 2041; baseline 0.003 -25"><span class='ocrx_word' id='word_1_110' title='bbox 554 1952 693 2017; x_wconf 88' lang='lat' dir='ltr'><strong>Stabunt</strong></span> <span class='ocrx_word' id='word_1_111' title='bbox 705 1966 739 2016; x_wconf 87' lang='lat' dir='ltr'><strong>et</strong></span> <span class='ocrx_word' id='word_1_112' title='bbox 751 1952 838 2016; x_wconf 82' lang='lat' dir='ltr'><strong>Parii</strong></span> <span class='ocrx_word' id='word_1_113' title='bbox 851 1951 982 2040; x_wconf 82' lang='lat' dir='ltr'><strong>lapides,</strong></span> <span class='ocrx_word' id='word_1_114' title='bbox 994 1954 1144 2041; x_wconf 85' lang='lat' dir='ltr'><strong>spirantia</strong></span> <span class='ocrx_word' id='word_1_115' title='bbox 1157 1954 1258 2041; x_wconf 87' lang='lat' dir='ltr'><strong>signa,</strong></span> 
     </span>
    </p>

    <p class='ocr_par' dir='ltr' id='par_1_9' title="bbox 518 2046 1477 2556">
     <span class='ocr_line' id='line_1_20' title="bbox 518 2046 1318 2144; baseline 0.004 -25"><span class='ocrx_word' id='word_1_116' title='bbox 518 2059 522 2066; x_wconf 88' lang='lat'>&#39;</span> <span class='ocrx_word' id='word_1_117' title='bbox 552 2053 695 2120; x_wconf 74' lang='lat' dir='ltr'><strong>Assaraci</strong></span> <span class='ocrx_word' id='word_1_118' title='bbox 709 2046 825 2140; x_wconf 82' lang='lat' dir='ltr'><strong>proles,</strong></span> <span class='ocrx_word' id='word_1_119' title='bbox 838 2055 1047 2143; x_wconf 65' lang='lat' dir='ltr'><strong>demissaeque</strong></span> <span class='ocrx_word' id='word_1_120' title='bbox 1058 2055 1103 2122; x_wconf 84' lang='lat' dir='ltr'><strong>ah</strong></span> <span class='ocrx_word' id='word_1_121' title='bbox 1116 2058 1201 2124; x_wconf 85' lang='lat' dir='ltr'><strong>Jove</strong></span> <span class='ocrx_word' id='word_1_122' title='bbox 1214 2055 1318 2144; x_wconf 81' lang='lat' dir='ltr'><strong>gentis</strong></span> 
     </span>
     <span class='ocr_line' id='line_1_21' title="bbox 553 2156 1477 2247; baseline 0.003 -26"><span class='ocrx_word' id='word_1_123' title='bbox 553 2156 702 2234; x_wconf 88' lang='lat' dir='ltr'><strong>Nomina,</strong></span> <span class='ocrx_word' id='word_1_124' title='bbox 717 2157 862 2247; x_wconf 70' lang='lat' dir='ltr'><strong>&#39;Ilusque</strong></span> <span class='ocrx_word' id='word_1_125' title='bbox 875 2181 999 2245; x_wconf 85' lang='lat' dir='ltr'><strong>pareus,</strong></span> <span class='ocrx_word' id='word_1_126' title='bbox 1015 2173 1046 2224; x_wconf 89' lang='lat' dir='ltr'><strong>et</strong></span> <span class='ocrx_word' id='word_1_127' title='bbox 1061 2159 1168 2245; x_wconf 68' lang='lat' dir='ltr'><strong>tlojae</strong></span> <span class='ocrx_word' id='word_1_128' title='bbox 1183 2158 1343 2247; x_wconf 85' lang='lat' dir='ltr'><strong>Cynthius</strong></span> <span class='ocrx_word' id='word_1_129' title='bbox 1355 2173 1477 2226; x_wconf 85' lang='lat' dir='ltr'><strong>auctor.</strong></span> 
     </span>
     <span class='ocr_line' id='line_1_22' title="bbox 555 2260 1277 2349; baseline 0.007 -24"><span class='ocrx_word' id='word_1_130' title='bbox 555 2260 681 2326; x_wconf 85' lang='lat' dir='ltr'><strong>Invidia</strong></span> <span class='ocrx_word' id='word_1_131' title='bbox 695 2260 805 2328; x_wconf 83' lang='lat' dir='ltr'><strong>infelix</strong></span> <span class='ocrx_word' id='word_1_132' title='bbox 819 2261 918 2328; x_wconf 81' lang='lat' dir='ltr'><strong>furias</strong></span> <span class='ocrx_word' id='word_1_133' title='bbox 932 2285 1120 2349; x_wconf 85' lang='lat' dir='ltr'><strong>amnemque</strong></span> <span class='ocrx_word' id='word_1_134' title='bbox 1134 2284 1277 2330; x_wconf 88' lang='lat' dir='ltr'><strong>severum</strong></span> 
     </span>
     <span class='ocr_line' id='line_1_23' title="bbox 555 2362 1272 2452; baseline 0.003 -26"><span class='ocrx_word' id='word_1_135' title='bbox 555 2362 668 2450; x_wconf 87' lang='lat' dir='ltr'><strong>Cocyti</strong></span> <span class='ocrx_word' id='word_1_136' title='bbox 682 2377 812 2440; x_wconf 81' lang='lat' dir='ltr'><strong>metuet,</strong></span> <span class='ocrx_word' id='word_1_137' title='bbox 829 2378 991 2451; x_wconf 87' lang='lat' dir='ltr'><strong>tortosque</strong></span> <span class='ocrx_word' id='word_1_138' title='bbox 1007 2364 1127 2429; x_wconf 88' lang='lat' dir='ltr'><strong>Ixionis</strong></span> <span class='ocrx_word' id='word_1_139' title='bbox 1140 2387 1272 2452; x_wconf 86' lang='lat' dir='ltr'><strong>angues,</strong></span> 
     </span>
     <span class='ocr_line' id='line_1_24' title="bbox 555 2464 1412 2556; baseline 0 -28"><span class='ocrx_word' id='word_1_140' title='bbox 555 2464 794 2554; x_wconf 87' lang='lat' dir='ltr'><strong>Immanemque</strong></span> <span class='ocrx_word' id='word_1_141' title='bbox 808 2480 921 2548; x_wconf 86' lang='lat' dir='ltr'><strong>rotam,</strong></span> <span class='ocrx_word' id='word_1_142' title='bbox 937 2481 969 2532; x_wconf 88' lang='lat' dir='ltr'><strong>et</strong></span> <span class='ocrx_word' id='word_1_143' title='bbox 984 2489 1045 2532; x_wconf 91' lang='lat' dir='ltr'><strong>non</strong></span> <span class='ocrx_word' id='word_1_144' title='bbox 1060 2465 1277 2556; x_wconf 84' lang='lat' dir='ltr'><strong>exsuperabile</strong></span> <span class='ocrx_word' id='word_1_145' title='bbox 1291 2487 1412 2532; x_wconf 85' lang='lat' dir='ltr'><strong>saxum.</strong></span> 
     </span>
    </p>

    <p class='ocr_par' dir='ltr' id='par_1_10' title="bbox 1180 2570 1474 2636">
     <span class='ocr_line' id='line_1_25' title="bbox 1180 2570 1474 2636; baseline 0 -2"><span class='ocrx_word' id='word_1_146' title='bbox 1180 2570 1317 2636; x_wconf 77' lang='lat' dir='ltr'><strong>Gnoso.</strong></span> <span class='ocrx_word' id='word_1_147' title='bbox 1332 2571 1406 2635; x_wconf 92' lang='lat'><strong>111.</strong></span> <span class='ocrx_word' id='word_1_148' title='bbox 1424 2572 1474 2634; x_wconf 89' lang='lat'><strong>10.</strong></span> 
     </span>
    </p>
   </div>
   <div class='ocr_carea' id='block_1_3' title="bbox 0 0 1799 5572">
    <p class='ocr_par' dir='ltr' id='par_1_11' title="bbox 0 0 1799 5572">
     <span class='ocr_line' id='line_1_26' title="bbox 0 0 1799 5572; baseline 0 0"><span class='ocrx_word' id='word_1_149' title='bbox 0 0 1799 5572; x_wconf 95' lang='lat' dir='ltr'><strong> </strong></span> 
     </span>
    </p>
   </div>
  </div>
 </body>
</html>
