3559 5575
898 89 1032 155 312
1587 83 1832 148 PARS
1879 81 2329 148 SECUNDA
2486 81 2717 146 Pam..
2746 81 3020 147 XXIV.

895 261 1040 334 Est
1069 282 1244 332 sane
1275 259 1353 329 in
1388 256 1712 351 utrisque
1745 256 1998 328 eadem
2028 257 2280 343 virtus,
2302 254 2445 328 etsi
2473 264 2628 326 tam
2660 257 2879 352 longe
2911 258 3026 329 in—

903 387 1017 449 ter
1041 399 1118 448 se
1140 375 1570 466 discrepent,
1595 383 1681 443 ut
1707 380 2022 443 mentem
2049 350 2096 442 a
2127 393 2467 443 sensuum
2499 373 3024 447 consuetudine

899 492 994 564 ad
1063 490 1279 562 altius
1345 488 1692 582 quiddam
1761 473 2311 579 concipiendfim
2368 487 2697 582 erigant3
2760 512 3021 582 neque,

898 615 1267 700 utcunque
1319 629 1364 677 a
1411 605 1718 676 veritate
1768 602 2134 686 recedant,
2180 602 2573 696 quicquam
2624 605 2827 676 obest
2870 628 3021 698 qno

894 723 1139 794 minus
1172 720 1365 793 inter
1401 729 1701 792 ornatus
1735 743 1905 790 vere
1947 719 2264 812 poeticos
2309 731 2802 792 numerentur.
2902 720 3020 792 Ac

898 839 1240 931 profecto,
1274 838 1352 908 in
1387 837 1499 907 his
1540 860 1706 930 quoe
1742 837 1902 930 jam
1933 835 2132 906 dicta
2165 845 2358 918 sunt,
2392 835 2632 927 potius
2664 835 2740 907 in
2777 837 3019 909 animo

898 953 1043 1024 fuit
1069 964 1456 1046 conceptus
1488 953 1662 1023 istos
1697 952 2014 1044 proferre
2040 951 2166 1045 qui
2185 952 2557 1046 'magnifici
2575 948 2656 1022 e't
2681 951 3020 1024 sublimes

901 1068 1247 1163 appellari
1296 1072 1552 1156 solent,
1591 1091 1811 1161 quam
1860 1067 1989 1160 qui
2032 1090 2235 1138 mera
2270 1069 2513 1138 valent
2545 1066 2909 1159 probitate
2945 1077 3022 1139 et

904 1208 1078 1256 sano
1135 1186 1226 1256 de
1283 1184 1530 1256 officiis
1588 1183 1924 1255 humanis
1968 1182 2246 1277 judicio
2294 1184 2681 1255 efferendo.
2784 1182 3024 1254 Pluri-

903 1322 1104 1370 mum
1151 1309 1344 1372 certe
1395 1300 1473 1369 in
1523 1299 1636 1370 his
1687 1301 1898 1370 rebus
1947 1298 2347 1370 orationem
2398 1309 2717 1371 nostram
2751 1299 3023 1370 versari

903 1413 1231 1507 contigit,
1279 1413 1617 1504 quoniam
1672 1413 1780 1483 ita
1830 1414 1937 1498 fit,
1988 1424 2072 1483 ut
2123 1413 2643 1484 sententiarum
2693 1414 3017 1485 omnium

903 1550 1068 1620 quae
1102 1527 1175 1596 in
1214 1527 1566 1598 rationem
1603 1528 1777 1598 artis
1827 1529 2119 1612 cadunt,
2158 1529 2474 1601 maxime
2516 1529 2606 1600 iis
2650 1551 2852 1601 mens
2905 1554 3023 1601 ca-

902 1642 1121 1734 pitur,
1156 1641 1414 1733 quibus
1449 1642 1721 1735 aliquid
1755 1644 2117 1738 agendum
2151 1643 2228 1713 in
2266 1643 2420 1714 vita
2461 1654 2587 1715 aut
2621 1644 3020 1737 optandum

902 1758 1360 1851 praedicatur.
1465 1758 1678 1840 Quod
1713 1759 2005 1852 quidem
2038 1782 2269 1854 genus
2304 1770 2388 1830 ut
2416 1760 2759 1831 latissime
2792 1769 3020 1852 patet,

902 1875 1010 1947 ita
1043 1883 1324 1965 partem
1357 1875 1514 1967 ejus
1549 1898 1690 1944 non
1730 1875 2102 1944 minimam
2132 1899 2498 1967 superesse
2525 1877 2759 1947 adhuc
2788 1876 3020 1958 vide0,

906 1988 997 2058 de
1057 2011 1200 2081 qua
1254 1991 1551 2081 posthac
1609 1988 1900 2060 dicendi
1947 1990 2146 2060 locus
2195 1989 2377 2072 erit;
2428 1991 2716 2083 quando
2756 2000 2834 2062 et
2877 1990 3019 2062 sin·

903 2105 1109 2197 gulas
1142 2105 1448 2176 virtutes
1499 2105 1902 2176 accuratius
1953 2115 2266 2177 tractare
2315 2116 2393 2176 et
2440 2106 2832 2177 sententias
2874 2106 3023 2177 dis-

907 2216 1239 2312 tinguere
1289 2243 1481 2290 curae
1527 2219 1686 2303 erit,
1721 2229 1936 2311 prout
1970 2239 2065 2291 ex
2099 2220 2509 2292 conditione
2540 2231 2672 2291 aut
2704 2220 3020 2296 moribus

905 2331 1210 2404 dicentis
1245 2333 1392 2403 vim
1429 2359 1630 2404 suam
1668 2335 1938 2407 ducant
1973 2345 2102 2406 aut
2134 2337 2765 2427 pulchritudinem.

1006 2447 1463 2520 Permultum
1499 2473 1669 2522 sane
1701 2450 2029 2537 interest,
2065 2462 2312 2522 utrum
2343 2463 2599 2544 suapte
2629 2452 2706 2521 vi
2739 2451 3021 2523 dictum

902 2561 1138 2644 feriat,
1172 2586 1265 2633 an
1301 2572 1646 2655 tempore,
1679 2566 2072 2649 occasione,
2108 2589 2411 2658 persona
2450 2567 3019 2640 commendetur.

906 2678 1120 2760 Quod
1152 2681 1515 2770 proposito
1547 2683 1883 2772 exemplo
1930 2682 2180 2754 statim
2230 2683 2525 2774 patebit.
2630 2683 3025 2775 Complura

905 2815 1166 2888 nempe
1197 2805 1388 2883 sunt,
1413 2796 1710 2868 ineunte
1741 2797 2548 2872 Heautontimorumeni
2572 2801 2836 2884 fabula,
2857 2800 3024 2894 qui-

909 2913 1039 2984 bus
1063 2912 1236 2986 mite
1257 2922 1332 2984 et
1353 2912 1744 3007 benignum
1772 2914 2178 2986 declaratur
2199 2916 2602 2990 Chremetis
2623 2916 3024 3013 ingenium,

910 3028 1267 3122 elegantia
1300 3030 1550 3100 eadem
1586 3052 1669 3099 ac
1703 3040 2083 3101 venustate
2117 3032 2447 3127 egregia;

1087 3249 1334 3313 Tamen
1364 3249 1465 3315 vel
1498 3251 1696 3315 virtus
1724 3264 1839 3316 tua
1866 3273 1989 3331 me,
2019 3251 2120 3315 vel
2140 3252 2455 3333 vicinitaS,

1082 3348 1275 3427 Quod
1305 3373 1425 3437 ego
1452 3351 1518 3416 in
1547 3352 1910 3439 propinqua
1936 3368 2117 3440 parte
2145 3354 2435 3419 amicitiae
2463 3367 2645 3441 putu,

1085 3451 1290 3530 Facit,
1313 3466 1388 3517 ut
1418 3467 1481 3518 te
1508 3453 1808 3519 audacter
1834 3477 2121 3520 moneam
2154 3470 2218 3521 et
2246 3455 2670 3531 familiariter;

1085 3552 1277 3631 Quod
1306 3553 1460 3617 mihi
1489 3554 1702 3618 videre
1730 3569 1963 3643 praeter
1990 3572 2240 3622 aetatem
2272 3572 2447 3622 tuam

1085 3654 1343 3734 Facere,
1373 3667 1438 3721 et
1465 3668 1887 3745 praeterquam
1918 3678 2018 3725 res
2047 3674 2110 3726 te
2137 3660 2514 3725 adhortatur
2538 3672 2673 3725 tua.

2255 3764 2644 3830 Heauton.
2675 3764 2737 3827 1.
2771 3763 2835 3842 l,
2869 3764 2934 3826 4.

914 3953 1109 4030 Tum
1143 3955 1502 4050 praecipue
1529 3961 2095 4051 pulcherrimum
2130 3961 2331 4045 illud,
