3559 5575
485 109 551 174 250
808 106 946 171 ,PARS
969 104 1193 170 SECUNDA
1304 106 1416 172 Pur„
1433 108 1551 175 XIX.

572 278 663 345 Mors
676 275 728 341 hic
741 275 844 364 gentis
857 288 942 340 erst:
966 274 1094 363 sanguis
1106 273 1152 340 ibi
1165 273 1261 341 fluxit
1275 276 1423 358 Achseus,

571 379 733 459 Ponticus,
750 378 922 466 Assyrius:
943 389 1075 442 cunctos
1087 376 1208 441 haerere
1220 400 1349 444 cruores

570 486 746 559 Romanus,
761 479 943 567 campisque
957 492 1044 544 vetat
1058 478 1226 543 consistere
1240 492 1381 546 torrens:

569 584 680 671 Msjus
694 583 735 647 sb
749 581 808 647 hac
822 581 899 660 scie,
913 604 1010 669 quam
1024 581 1113 669 quod
1127 604 1184 646 sus
1199 581 1304 647 secula
1317 583 1448 664 ferrent,

567 686 694 752 Vulnus
707 684 825 750 habent
840 683 969 772 populi:
992 684 1066 772 pius
1080 696 1126 748 est
1142 706 1239 771 quom
1253 684 1320 750 vito
1333 687 1485 776 salusque

568 789 663 868 Quod
677 788 777 877 perit:
800 786 834 850 in
848 800 954 851 totum
967 785 1080 850 mundi
1094 786 1324 873 prosternimur
1337 812 1444 856 sevum

571 889 712 956 Vincitur
725 888 775 954 his
787 887 902 977 gladiis
915 887 1028 966 omnis,
1044 910 1119 974 quse
1133 887 1259 967 serviet,
1274 902 1362 954 aetss.

569 993 720 1060 Proxima
732 991 811 1080 quid
826 989 960 1070 soboles,
975 1003 1033 1055 sut
1045 989 1125 1076 quid
1138 1012 1282 1055 meruere
1296 1006 1425 1080 nepotes

569 1098 611 1161 In
625 1118 759 1183 regnum
772 1094 879 1159 nosci?
902 1092 1017 1180 pavide
1031 1114 1109 1156 num
1120 1092 1276 1179 gessimus
1288 1098 1400 1159 mma?

569 1199 726 1271 Teximus
739 1212 796 1263 sut
804 1195 959 1283 jugulos?
981 1193 1074 1260 siieni
1088 1217 1185 1283 poens
1198 1195 1319 1261 timoris

568 1302 609 1365 In
624 1314 731 1367 nostra
743 1299 862 1365 cervice
877 1297 981 1363 sedet:
1003 1311 1076 1385 post
1090 1296 1200 1386 praelis
1214 1298 1296 1363 ustis

568 1403 602 1468 Si
616 1402 779 1469 dominum
793 1401 923 1467 fortuna
936 1399 1045 1480 dsbss,
1061 1413 1094 1466 et
1106 1398 1191 1466 belis
1204 1399 1351 1466 dedisses

1165 1504 1300 1568 Pusns.
1316 1504 1399 1570 VII.
1413 1504 1489 1570 632

478 1668 602 1762 Atque
618 1670 698 1740 haec
713 1666 859 1762 quidem
876 1666 1106 1760 sophismata,
1123 1689 1171 1738 ne
1191 1665 1308 1737 dicam
1326 1666 1535 1763 aenigmata,
1658 1629 1659 1658 Χ

479 1783 675 1857 narrationi
707 1782 858 1867 eddidit,
883 1806 967 1877 quae
992 1782 1110 1855 varias
1139 1782 1204 1853 leti
1230 1780 1419 1877 imagines,
1448 1806 1534 1877 quse

477 1910 618 1994 petrem
634 1924 657 1971 a
672 1899 745 1971 filio
760 1897 1004 1983 interfectum,
1021 1908 1059 1971 et
1075 1898 1204 1970 fratres
1221 1896 1357 1970 mutuis
1374 1898 1532 1970 vulneri·

478 2017 544 2087 bus
560 2015 739 2113 coniectos
755 2013 943 2088 referebat.

527 2130 720 2203 Consimile
736 2129 865 2202 vitium
891 2126 1075 2224 trsgoediis
1099 2127 1215 2202 inesse
1239 2128 1426 2215 Romanis,
1441 2152 1531 2224 quas

477 2269 572 2338 saepe
597 2246 635 2317 in
652 2246 822 2320 vitiorum
844 2246 1051 2337 exemplum
1075 2244 1275 2330 attulimus,
1292 2267 1398 2317 nemo
1423 2246 1530 2318 mirs-

475 2359 583 2432 bitur.
635 2361 707 2451 Sed
728 2362 825 2455 quod
847 2362 997 2433 fortasse
1022 2358 1141 2431 miuus
1158 2360 1258 2432 vobis
1274 2360 1342 2432 sim
1359 2363 1527 2453 probatu·

475 2499 547 2559 rus,
557 2497 782 2570 nequaquam
796 2475 1094 2563 dissimulandum
1105 2487 1205 2568 puto,
1218 2476 1388 2571 Euripidi
1399 2500 1528 2572 nempe

474 2591 554 2685 ipsi,
570 2614 775 2685 quanquam
792 2592 830 2662 in
847 2592 920 2664 leni
937 2600 976 2663 et
992 2591 1186 2664 flexanimo
1202 2592 1381 2665 scribendi
1396 2616 1528 2689 genere

474 2706 715 2803 principatum
732 2716 866 2792 teneat,
878 2730 956 2800 prae
967 2706 1104 2778 Groecis
1116 2716 1240 2779 tamen
1252 2707 1418 2779 omnibus
1434 2710 1528 2782 hunc

474 2825 532 2897 vel
547 2821 700 2896 inscitiae
716 2825 775 2896 vel
791 2837 888 2895 certe
904 2823 1136 2919 negligentiae
1152 2825 1295 2916 culpem
1312 2825 1460 2897 haerere.

523 2940 653 3034 Neque
669 2938 766 3010 enim
783 2938 952 3032 cuiquam
971 2938 1078 3010 credo
1094 2936 1281 3030 Euripidis
1306 2939 1432 3011 lectori
1453 2963 1527 3013 non

473 3081 568 3151 saepe
584 3056 692 3130 bilem
709 3055 862 3129 movisse
878 3055 1125 3148 importunum
1142 3054 1245 3127 illum
1265 3055 1525 3128 sententiarum

472 3195 555 3264 quae
580 3168 696 3265 γνῶμαι
726 3169 896 3243 dicuntur
925 3191 1050 3241 usum:
1085 3167 1227 3261 quibus,
1256 3167 1341 3240 licet
1364 3169 1524 3262 pulchrae

470 3287 694 3380 grandesque
718 3286 865 3373 fuerint,
885 3285 987 3356 deest
1011 3293 1133 3354 tomen
1156 3283 1352 3377 saepissime
1375 3285 1426 3368 id,
1447 3283 1524 3356 sine

471 3422 542 3493 quo
564 3400 717 3492 optimas
738 3425 795 3473 res
812 3399 993 3493 corrumpi
1010 3408 1162 3486 constat,
1180 3422 1285 3471 suum
1302 3409 1457 3493 tempus,
1473 3401 1525 3472 lo·

470 3537 545 3600 cus,
562 3515 708 3587 occasio.
761 3516 881 3590 Taceo
897 3539 994 3588 nunc
1015 3515 1112 3610 quod
1136 3514 1278 3588 illorum
1300 3516 1426 3610 lingua
1450 3538 1523 3588 non

468 3652 550 3724 raro
564 3628 612 3700 rin
638 3652 744 3718 scena
773 3633 1062 3726 pronuntientur,
1087 3655 1240 3726 quorum
1264 3655 1288 3702 a
1311 3642 1435 3703 mente
1463 3654 1525 3704 ess

467 3747 591 3840 procul
608 3748 728 3820 obesse
745 3759 783 3820 et
799 3759 930 3822 natura
944 3747 1024 3841 ipso
1039 3748 1157 3831 docet,
1173 3757 1211 3820 et
1227 3747 1360 3819 fobulae
1380 3746 1525 3819 ratio—

468 3863 602 3937 Utrum
623 3887 708 3938 vero
732 3875 865 3938 cosctae
891 3862 1085 3957 aliquando
1108 3861 1181 3934 sint
1205 3871 1316 3957 etque
1341 3862 1522 3935 arcessuae

468 4001 539 4052 non
556 3993 683 4076 sponte
700 4005 747 4056 ex
763 4006 802 4055 re
818 3994 1022 4063 nascentur,
1034 3980 1113 4074 jam
1132 4002 1205 4051 non
1228 3978 1519 4072 inquiritur-ne
