3559 5575
375 133 610 196 Pam..
644 132 941 197 XXIX.
1070 132 1200 197 DE
1246 133 1845 198 PHANTASIA.
2367 136 2501 203 377

557 305 770 369 Frena
797 302 996 390 regit:
1043 325 1434 388 currumque
1460 302 1660 390 patris
1690 302 1957 367 Bellona
1982 319 2317 370 cruentum

556 406 821 471 Ditibus
848 404 1116 484 exuviis,
1150 405 1414 470 tendens
1440 406 1525 471 ad
1556 405 1762 470 sidera
1791 428 2122 493 quercum,

555 507 903 573 Praecedit:
949 509 1251 594 lictorque
1280 509 1501 572 Metus
1526 510 1912 594 cumfiatre
1939 509 2195 573 Pavore

555 611 839 676 Barbara
867 609 1115 674 ferratis
1143 608 1473 675 innectunt
1501 609 1662 674 colla
1690 610 1950 689 catenis,

557 713 763 778 Velati
792 711 1003 800 galeas
1028 711 1244 776 lauro:
1297 712 1687 800 propiusque
1708 712 1963 799 jugales

562 817 869 881 Formido
896 816 1215 902 ingentem
1250 815 1458 879 vibrat
1488 814 1804 879 succincta
1834 814 2119 879 securim.

1494 919 1605 981 DE
1640 919 1868 982 LAnn.
1904 920 2087 983 S'ru..
2121 919 2222 983 11.
2254 917 2408 987 367.

386 1111 797 1183 Pictoribus
823 1136 993 1183 sane
1019 1135 1104 1183 ea
1128 1114 1341 1184 datur
1364 1112 1839 1209 indulgentia,
1860 1124 1944 1185 ut
1970 1115 2268 1185 solidam
2295 1113 2500 1208 quasi

384 1229 692 1324 figuram
753 1229 1026 1301 addant
1073 1228 1160 1300 iis
1213 1254 1377 1323 quae
1428 1229 1864 1326 cogitatione
1915 1232 2063 1301 sola
2122 1231 2502 1321 complecti

385 1367 592 1414 mens
625 1344 868 1435 possit.
937 1344 1221 1437 Nempe
1257 1348 1390 1416 hac
1423 1358 1689 1440 negata
1723 1347 1956 1430 venia,
1990 1346 2318 1439 plurimis
2351 1369 2504 1416 om-

387 1460 562 1531 nino
596 1459 873 1532 deesset
904 1463 1115 1532 rebus
1148 1461 1220 1531 in
1257 1462 1613 1554 picturam
1650 1463 1916 1534 aditus.
2021 1464 2263 1545 Quare
2312 1463 2503 1534 inter

372 1573 791 1671 postulata,
829 1588 912 1647 ut
939 1577 1441 1655 Mathematici
1474 1579 1891 1671 loquuntur,
1918 1578 2092 1648 artis
2125 1578 2316 1648 illius
2353 1600 2502 1648 me-

389 1695 534 1764 rito
583 1695 911 1776 habetur,
956 1693 1450 1766 commentitia
1499 1695 1731 1765 forma
1780 1694 1914 1776 uti,
1954 1718 2099 1766 non
2154 1704 2502 1787 tanquam

392 1811 665 1903 optima
698 1811 823 1881 sed
857 1811 1005 1880 sola
1032 1833 1114 1880 ac
1139 1810 1535 1881 necessaria
1563 1811 1825 1881 mentis
1852 1810 2267 1902 interprete.
2321 1811 2503 1882 Poe-

393 1926 490 1998 tis
534 1926 802 2019 pariter
846 1949 987 1995 non
1041 1926 1248 1996 licet:
1303 1911 1638 2019 quoniam
1694 1927 1949 1996 melius
2003 1926 2232 1996 multa
2286 1936 2504 2018 atque

393 2042 749 2114 efficacius
801 2042 1040 2111 tradet
1087 2042 1335 2135 lingua
1388 2064 1604 2134 quam
1654 2041 1948 2133 pictoris
2006 2043 2274 2112 tabula.
2375 2042 2508 2114 Vi-

395 2159 857 2251 dendumque
891 2157 1067 2227 illud
1111 2167 1242 2240 est,
1278 2158 1471 2251 quod
1517 2157 1964 2250 praecipuum
2009 2182 2093 2228 ac
2144 2181 2505 2228 summum

395 2273 473 2343 in
527 2276 661 2344 hac
711 2273 1108 2367 quaestione
1159 2296 1311 2344 esse
1358 2273 1633 2368 judico,
1686 2285 1915 2344 artem
1966 2273 2319 2366 poeticam
2377 2297 2509 2344 nos

396 2389 743 2485 pingendi
777 2389 916 2459 arti
952 2387 1396 2470 submittere,
1421 2388 1701 2480 quoties
1731 2411 1884 2459 rem
1919 2411 2061 2458 non
2098 2388 2191 2457 ad
2226 2398 2508 2458 naturae

396 2506 909 2598 proprietatem
978 2505 1099 2575 sed
1169 2504 1262 2573 ad
1330 2503 1634 2596 picturae
1692 2504 2044 2574 rationem
2107 2503 2505 2598 exigimus:

400 2621 928 2714 quaerimusque
962 2620 1154 2691 unde
1189 2643 1349 2690 eam
1391 2642 1533 2690 non
1584 2629 1820 2690 actam
1873 2618 1998 2690 sed
2048 2618 2315 2712 pictam
2366 2621 2510 2691 lec-

400 2746 590 2809 tores
623 2737 1051 2829 concipiant.

501 2856 715 2937 Quod
747 2855 807 2925 si
840 2855 911 2924 in
941 2877 1116 2948 argu
1126 2864 1365 2926 mento
1391 2854 1655 2925 leviore
1681 2863 2006 2924 versetur
2031 2853 2353 2946 scriptor,
2380 2864 2508 2925 aut

401 2969 475 3038 in
513 2970 765 3039 formae
798 2967 1137 3038 brevioris
1170 2968 1507 3050 carmine,
1541 2968 1748 3039 facile
1785 2969 1941 3038 haec
1976 2978 2050 3039 et
2085 2967 2403 3060 patimur
2435 2977 2511 3038 et

404 3083 774 3154 miramur.
876 3083 1087 3153 Laeta
1122 3091 1289 3152 sunt
1323 3082 1516 3152 enim
1554 3083 2081 3176 quodammodo
2112 3093 2189 3154 et
2212 3082 2509 3153 festiva:

403 3201 668 3285 vivere,
703 3199 993 3292 spirare,
1037 3197 1307 3268 moveri
1354 3197 1691 3268 videntur
1740 3199 2022 3269 omnia:
2075 3209 2171 3282 et,
2225 3199 2416 3293 quod
2469 3223 2512 3270 a

405 3318 758 3411 plerisque
810 3340 950 3387 non
1004 3314 1370 3409 ingratum
1426 3315 1750 3397 habetur,
1793 3316 1948 3387 sine
1997 3314 2256 3386 mentis
2310 3325 2508 3386 motu

406 3444 622 3527 atque
656 3431 1171 3504 exercitatione
1203 3429 1481 3523 placide
1516 3440 1685 3502 ante
1719 3432 1960 3501 oculos
1993 3431 2370 3503 simulacra
2401 3456 2511 3504 re-

405 3573 566 3620 rum
606 3549 927 3632 volitant,
962 3573 1045 3619 ac
1080 3546 1301 3617 veluti
1337 3547 1412 3617 in
1448 3569 1697 3617 somno
1732 3570 1979 3617 sensus
2012 3546 2156 3618 leni
2201 3551 2513 3640 permul-

407 3674 573 3735 cent
607 3666 998 3755 voluptate.
1103 3660 1308 3731 Nihil
1351 3671 1595 3732 autem
1641 3661 1716 3731 in
1770 3663 1907 3731 hoc
1955 3684 2218 3756 genere
2268 3666 2513 3736 hortos

404 3780 562 3851 illos
584 3779 885 3852 Veneris
910 3801 1244 3870 superare
1271 3776 1629 3861 existimo,
1657 3802 1701 3848 a
1726 3778 2124 3850 Claudiano
2149 3781 2516 3874 eleganter

408 3898 794 3968 admodum
855 3905 930 3965 et
988 3904 1204 3977 caste,
1268 3907 1348 3965 ut
1406 3892 1483 3963 in
1542 3894 1675 3965 tali
1732 3918 1834 3978 re,
1891 3895 2232 3987 depictos,
2337 3894 2513 3963 Post

408 4037 533 4084 ver
581 4022 1031 4105 perpetuum,
1074 4010 1460 4103 ZephyroS,
1506 4020 1895 4082 concentus
1946 4011 2211 4092 avium,
2246 4019 2322 4080 et
2356 4030 2518 4077 mu-

3297 463 3309 503 ⁴⁴
3292 302 3307 383 ΛΜ
3286 4 3308 250 ΑἈύ
