3559 5575
470 140 514 202 88
838 138 961 204 PARS
983 138 1144 204 PRIMA
1334 137 1449 204 Pus.
1472 137 1550 204 Vr.

557 307 794 374 Transmittunt
808 331 904 374 cursu
918 331 1058 397 campos,
1074 324 1172 395 atque
1184 306 1314 395 agmina
1325 308 1411 374 cervi

556 409 784 476 Pulverulenta
797 411 877 499 fuga
889 412 1078 500 glomerant,
1094 424 1280 498 montesque
1295 411 1502 499 relinquunt.

1243 514 1321 578 AEu.
1336 515 1394 578 IV.
1406 517 1484 578 152.

469 689 573 760 Laxa
591 699 712 760 tamen
733 700 817 762 sunt
833 689 941 760 nimis
965 700 1002 761 et
1020 689 1285 784 quodammodo
1307 687 1541 760 communia.

469 805 686 877 Concinnior
703 807 817 877 multo
834 805 1051 890 eustatius,
1065 828 1174 900 quem
1191 808 1286 877 hanc
1300 826 1379 876 rem
1395 805 1441 874 nd
1457 827 1542 875 un-

468 943 576 1016 guem
593 921 794 1014 exprimere
811 944 918 993 nemo
934 921 1092 1017 negabit.

557 1109 631 1175 Non
646 1109 736 1174 aliter
751 1108 864 1174 celeres
880 1107 1024 1173 Hircana
1038 1131 1094 1195 per
1108 1107 1180 1174 avia
1192 1107 1288 1188 cervi,

558 1214 642 1278 Cum
658 1212 769 1300 procul
783 1211 909 1300 impasti
923 1211 1084 1276 fremitum
1102 1233 1249 1300 accepere
1263 1210 1373 1290 leonis,

558 1315 632 1379 Sive
646 1329 770 1402 putant,
785 1313 868 1402 rapit
882 1314 1033 1379 attonitos
1045 1313 1124 1402 fuga
1137 1335 1231 1394 caeca,
1245 1326 1412 1400 metusque

557 1417 749 1504 Congregat‚
765 1431 797 1480 et
812 1417 946 1504 brugiam
960 1417 1040 1481 dant
1052 1438 1174 1482 cornua
1188 1415 1479 1505 mimlastagorem.

1202 1517 1314 1582 Taua.
1332 1517 1390 1582 v1.
1405 1519 1480 1587 598.

470 1694 630 1766 Plurima
653 1706 738 1767 sunt
754 1695 880 1768 itidem
904 1696 943 1766 in
965 1698 1031 1768 hoc
1049 1704 1166 1787 poeta,
1183 1694 1314 1788 quibus
1330 1693 1446 1766 enitet
1461 1713 1528 1784 pe-

470 1811 612 1882 culiaris
627 1812 688 1882 illa
704 1811 984 1904 descriptionum
1002 1811 1297 1902 virtus-nempe
1314 1808 1377 1880 ubi
1397 1806 1528 1902 imagi·

470 1951 553 2000 nem
584 1929 732 2000 exhibet
758 1939 910 2012 naturae,
936 1951 1020 2011 non,
1046 1936 1089 1998 ut
1114 1926 1346 2008 Claudianus,
1372 1925 1526 2017 picturae

470 2037 614 2118 tantum
632 2047 787 2130 affinem,
799 2055 977 2140 quantum
995 2043 1193 2138 diligentia,
1206 2042 1289 2126 fide,
1306 2040 1525 2136 proprietate

471 2164 707 2257 conspicuam.
759 2165 841 2248 Qua
868 2163 906 2234 in
936 2185 975 2234 re
1004 2183 1122 2254 neque
1146 2159 1342 2257 Virgilium
1367 2157 1525 2241 omnino,

470 2303 586 2373 neque
604 2281 827 2362 Lucretium,
842 2301 1049 2374 quanquam
1075 2276 1113 2348 in
1139 2277 1177 2348 id
1202 2277 1308 2348 unice
1332 2275 1525 2356 intentum,

470 2395 587 2466 Statio
603 2396 757 2486 priorem
775 2394 878 2465 duco.
931 2391 1005 2464 Sed
1021 2393 1174 2489 grandia
1189 2413 1447 2487 nonnunquam
1467 2391 1525 2460 fu-

469 2508 575 2602 giunt
601 2509 747 2602 ingenia
777 2530 860 2601 quae
886 2508 1135 2579 humilioribus
1164 2517 1311 2600 patentt
1339 2528 1457 2599 neque
1485 2504 1526 2576 in

470 2647 601 2719 magno
619 2647 724 2715 opere
741 2624 934 2717 particulas
956 2625 1094 2696 curiose
1117 2623 1252 2696 absolvi
1271 2632 1433 2716 oportet;
1457 2621 1527 2694 im-

471 2764 529 2813 mo
546 2743 614 2812 hac
630 2740 708 2835 ipsa
724 2763 811 2815 cura
827 2741 1069 2835 corrumpitur
1091 2763 1188 2834 saepe
1205 2750 1335 2824 totum,
1352 2748 1461 2833 atque
1484 2737 1525 2810 in

469 2867 589 2949 partes
607 2858 809 2952 dissipatur.
860 2860 968 2931 Certe
984 2858 1172 2951 Epopoeiae
1188 2856 1371 2953 dignitati,
1388 2879 1469 2951 quae
1484 2853 1525 2926 in

468 2974 689 3069 gravioribus
703 2976 788 3049 vitae
806 2976 945 3049 casibus
962 2975 1186 3069 fortunisque
1202 2974 1406 3067 principum
1421 2994 1525 3045 enar-

468 3092 590 3163 randis
612 3102 818 3187 occupatur‚
837 3092 956 3163 minus
974 3091 1142 3162 convenit
1159 3091 1204 3161 de
1221 3090 1281 3161 via
1306 3088 1437 3183 saepius
1462 3088 1525 3159 de-

469 3206 623 3294 flectere,
640 3210 829 3303 decerpere
854 3209 970 3291 flores,
992 3217 1030 3279 et
1054 3206 1157 3300 quasi
1182 3215 1277 3279 serta
1301 3216 1340 3278 et
1365 3226 1525 3288 coronas,

468 3324 619 3394 ornandi
636 3326 764 3419 gratia,
781 3323 999 3395 carminibus
1014 3323 1190 3395 intexere.

518 3438 593 3508 Ubi
609 3441 655 3509 ad
673 3442 808 3534 majora
825 3463 896 3511 non
914 3440 999 3523 itur,
1011 3441 1159 3533 plenum
1171 3448 1227 3510 est
1238 3439 1307 3509 hoc
1323 3458 1438 3532 genus
1452 3437 1527 3507 ele·

468 3554 615 3649 gantiae,
640 3557 786 3647 plenum
815 3554 1013 3628 suavitatis.
1065 3556 1194 3649 Neque
1224 3555 1263 3625 in
1289 3554 1442 3626 materia
1465 3562 1524 3623 ut-

468 3694 610 3767 cunque
627 3681 800 3764 occupata
817 3695 887 3743 non
905 3672 1070 3745 relictum
1087 3671 1156 3743 iuit
1170 3671 1285 3765 poetis
1297 3670 1384 3743 satis
1401 3692 1525 3763 super·

468 3796 538 3885 que
550 3788 826 3871 recentioribus;
844 3789 907 3882 qui
923 3788 962 3860 in
979 3798 1101 3861 nostra
1117 3797 1227 3861 aetate
1242 3784 1445 3879 praesertim
1460 3807 1524 3857 ex-

467 3909 637 3980 stiterunt
649 3928 692 3978 eo
704 3928 835 4001 genere
852 3904 1138 3992 nobiles-adeo
1154 3904 1241 3975 locis
1259 3902 1415 3984 fecundi,
1433 3901 1522 3973 adeo

466 4048 512 4096 ex
534 4021 684 4097 vetustis
710 4032 748 4095 et
770 4021 989 4118 quotidianis
1014 4044 1107 4094 nova
1132 4019 1303 4094 continuo
1327 4017 1523 4103 elidentes,
