3559 5575
354 117 587 181 Pam.
613 116 891 181 XXVI.
1020 119 1151 182 DE
1197 117 1817 185 AFFECTIBUS.
2339 73 2475 186 aas

353 301 489 362 aut
536 290 727 362 fastu
781 290 1092 384 denique
1137 292 1513 362 verborum
1565 293 1919 374 tumeant,
1961 300 2038 363 et
2069 291 2471 389 imaginum

350 408 517 498 plus
540 408 744 500 justa
777 405 1242 477 multitudine
1277 406 1668 477 luxurient.

459 522 538 591 H
539 545 649 592 aec
682 531 926 592 autem
953 521 1196 592 omnia
1221 545 1314 593 ex
1341 522 1592 592 eodem
1618 523 1822 593 fonte
1850 523 2241 615 repetenda
2265 524 2473 612 duco,

349 636 692 729 imperita
740 636 1011 708 scilicet
1043 633 1368 708 Pulchri
1396 634 1764 732 Rectique
1808 636 2238 724 imitatione,
2274 641 2476 709 nulla

352 775 599 824 rerum
634 776 719 824 ac
753 763 1158 846 temporum
1195 762 1324 825 aut
1357 754 1552 824 modi
1585 753 1865 825 ratione
1905 752 2175 824 habita.
2277 754 2471 824 Nam

356 868 418 939 si
454 868 552 938 ad
582 867 980 939 vetustiora
1018 865 1093 939 in
1139 870 1277 939 hoc
1320 891 1584 964 genere
1628 871 1965 961 exempla
2003 878 2474 953 revertamur,

358 983 726 1078 praecipue
771 983 846 1053 in
895 982 1125 1075 pretio
1157 983 1376 1055 fuisse
1410 993 1714 1067 constat,
1747 994 1833 1055 ut
1868 985 2320 1055 subobscurae
2351 984 2476 1056 fie-

360 1108 530 1171 rent
580 1097 986 1183 sententiae,
1037 1120 1180 1191 quo
1235 1108 1551 1170 mentem
1606 1097 1953 1169 auditoris
2005 1099 2475 1170 accenderent

363 1214 571 1308 quasi
617 1225 693 1285 et
725 1214 1344 1308 erigerent—tum
1390 1226 1476 1286 ut
1508 1216 1758 1287 breves
1799 1225 1875 1287 et
1909 1224 2167 1298 acutae,
2201 1217 2481 1286 aculeo-

362 1351 528 1398 rum
562 1327 813 1409 instar,
849 1350 1056 1398 aures
1090 1327 1871 1421 ferirent—postremo,
1904 1339 1991 1400 ut
2023 1351 2210 1399 nova
2241 1328 2481 1421 aliqua

364 1442 920 1536 comparatione,
955 1453 1084 1514 aut
1115 1441 1512 1537 imaginum
1548 1445 1901 1516 varietate
1953 1468 2037 1514 ac
2083 1443 2481 1536 pulchritu-

364 1558 536 1630 dine
568 1581 816 1630 sensus
849 1559 1159 1641 reficere,
1181 1569 1256 1629 et
1283 1558 1648 1630 memoriae
1681 1570 1973 1652 possent
1998 1583 2150 1630 esse
2183 1558 2476 1630 auxilio.

370 1672 568 1743 Hinc
617 1671 742 1743 illa
790 1673 883 1744 ab
932 1672 1272 1744 Asiaticis
1321 1674 1546 1745 ferme
1605 1674 1937 1746 omnibus
1987 1685 2351 1766 usurpata,
2402 1687 2478 1744 et

368 1787 767 1879 praesertim
803 1789 993 1880 apud
1031 1788 1379 1860 Hebraeos
1424 1790 1734 1860 solennis
1772 1786 2170 1884 parabola>
2201 1791 2476 1870 forma;

369 1905 577 1998 cujus
610 1904 758 1974 vim
811 1928 894 1975 ac
939 1913 1274 1975 naturam
1321 1915 1653 1976 accurate
1702 1905 2037 1999 exposuit
2072 1906 2183 1975 vir
2216 1915 2292 1975 et
2328 1905 2481 1975 He-

369 2019 633 2090 braicae
692 2043 981 2112 poeseos
1035 2030 1109 2091 et
1161 2021 1532 2091 literarum
1592 2020 1916 2091 omnium
1977 2021 2480 2092 humaniorum

370 2135 869 2228 peritissimuS,
916 2158 1131 2228 quem
1190 2138 1326 2206 hac
1380 2136 1536 2227 ipsa
1593 2160 1687 2206 ex
1746 2137 1913 2206 sede
1969 2136 2330 2229 quondam
2379 2138 2483 2206 lo-

373 2261 716 2345 quentem
768 2252 1029 2322 mirata
1075 2260 1186 2322 est
1219 2252 1566 2344 juventus
1601 2248 2062 2334 Academica,
2096 2274 2288 2322 nunc
2333 2275 2484 2322 om-

374 2391 503 2438 nes
548 2379 895 2462 tanquam
939 2367 1197 2438 ducem
1240 2366 1317 2436 in
1356 2365 1470 2436 his
1505 2366 1760 2438 studiis
1796 2366 2160 2459 sequimur
2193 2377 2267 2439 et
2300 2390 2484 2460 prae-

375 2494 736 2577 ceptorem
772 2484 1086 2556 unicum.

481 2600 644 2672 Hoc
701 2600 1041 2671 nimirum
1095 2610 1387 2672 auctore
1436 2599 1645 2672 facile
1696 2598 2146 2695 intelligitur,
2181 2623 2324 2670 non
2377 2599 2485 2670 di-

376 2717 569 2790 centi
603 2715 676 2789 in
711 2717 950 2790 animo
984 2741 1136 2790 esse
1169 2716 1537 2814 ingenium
1575 2739 1786 2789 suum
1830 2715 1940 2786 his
1983 2717 2255 2789 artibus
2301 2740 2485 2810 prae-

376 2834 639 2917 dicare,
681 2833 806 2905 sed
856 2835 1227 2905 hominum
1277 2834 1575 2905 utilitati
1629 2832 2014 2914 inservire;
2066 2856 2243 2926 quos
2295 2855 2485 2924 saepe

379 2950 734 3021 monitum
781 2972 998 3043 grave
1038 2973 1123 3019 ac
1169 2948 1430 3019 serium
1483 2947 1852 3040 praeterire
1906 2970 2037 3017 usu
2073 2957 2294 3040 venit,
2329 2957 2488 3017 tan-

378 3087 597 3160 quam
659 3087 1111 3135 communem
1164 3063 1619 3145 cantilenam,
1668 3061 1812 3132 nisi
1856 3062 2124 3132 vestitu
2176 3062 2484 3155 quodam

379 3190 676 3252 ornetur
709 3202 853 3250 non
882 3177 1182 3273 vulgari,
1208 3188 1282 3249 et
1304 3177 1564 3269 leporis
1597 3186 1724 3247 aut
1751 3176 2146 3247 venustatis
2181 3178 2485 3269 speciem

380 3319 530 3388 prae
586 3318 660 3366 se
713 3295 921 3365 ferat.
1024 3291 1443 3375 Quinetiam
1498 3292 1573 3363 id
1626 3290 1982 3384 plerisque
2032 3291 2357 3387 contigit,
2404 3303 2487 3365 ut

382 3433 545 3503 quae
604 3410 927 3502 paullum
982 3431 1027 3478 a
1080 3416 1460 3499 conspectu
1516 3405 1879 3488 recedant,
1938 3415 2065 3477 aut
2114 3430 2279 3500 quae
2329 3410 2485 3480 velo

383 3525 588 3619 quasi
619 3525 816 3618 prius
850 3534 1091 3595 amoto
1123 3522 1389 3594 intueri
1424 3529 1773 3615 oporteat,
1807 3544 1893 3593 ea
1939 3521 2289 3595 mirentur
2338 3547 2487 3596 ma-

383 3640 515 3736 gis,
551 3639 917 3734 magisque
949 3639 1025 3708 in
1063 3637 1333 3709 deliciis
1366 3639 1699 3709 habeant.
1804 3637 2044 3719 Quare
2079 3647 2313 3709 totum
2353 3642 2487 3711 hoc

384 3765 902 3848 praeceptorum
930 3776 1156 3848 genus
1183 3753 1656 3844 pulcherrime
1683 3777 1727 3823 a
1764 3750 2143 3825 Solomone
2179 3754 2335 3846 ipso
2366 3779 2489 3847 ap-

383 3870 743 3962 pellantur
765 3879 810 3909 “
831 3869 1077 3942 Aurea
1112 3891 1323 3961 poma
1360 3868 1433 3938 in
1468 3892 1681 3961 opere
1714 3870 2096 3960 reticulato
2122 3870 2463 3965 argenti.’'

488 3983 816 4055 Eandem
871 3984 1094 4054 ferme
1141 3984 1233 4054 ad
1279 4007 1601 4055 normam
1644 3985 1954 4076 plurima
1987 3994 2156 4055 sunt
2190 3979 2488 4060 Soloni8‚
