<?xml version="1.0" encoding="UTF-8"?>
<!DOCTYPE html PUBLIC "-//W3C//DTD XHTML 1.0 Transitional//EN"
    "http://www.w3.org/TR/xhtml1/DTD/xhtml1-transitional.dtd">
<html xmlns="http://www.w3.org/1999/xhtml" xml:lang="en" lang="en">
 <head>
  <title>
</title>
<meta http-equiv="Content-Type" content="text/html;charset=utf-8" />
  <meta name='ocr-system' content='tesseract 3.04.00' />
  <meta name='ocr-capabilities' content='ocr_page ocr_carea ocr_par ocr_line ocrx_word'/>
</head>
<body>
  <div class='ocr_page' id='page_1' title='image "./praelectionesac00coplgoog_0098.png"; bbox 0 0 3559 5575; ppageno 0'>
   <div class='ocr_carea' id='block_1_1' title="bbox 474 132 2588 211">
    <p class='ocr_par' dir='ltr' id='par_1_1' title="bbox 474 132 2588 211">
     <span class='ocr_line' id='line_1_1' title="bbox 474 132 2588 211; baseline -0.002 -11"><span class='ocrx_word' id='word_1_1' title='bbox 474 137 703 200; x_wconf 68' lang='lat' dir='ltr'><strong>Pam..</strong></span> <span class='ocrx_word' id='word_1_2' title='bbox 736 135 862 198; x_wconf 82' lang='lat' dir='ltr'><strong>VI.</strong></span> <span class='ocrx_word' id='word_1_3' title='bbox 1137 132 1285 199; x_wconf 80' lang='lat' dir='ltr'><strong>DE</strong></span> <span class='ocrx_word' id='word_1_4' title='bbox 1320 133 1949 198; x_wconf 87' lang='lat' dir='ltr'><strong>IMITATIONE.</strong></span> <span class='ocrx_word' id='word_1_5' title='bbox 2396 202 2407 211; x_wconf 59' lang='lat'>‚</span> <span class='ocrx_word' id='word_1_6' title='bbox 2507 132 2588 196; x_wconf 89' lang='lat'><strong>81</strong></span> 
     </span>
    </p>
   </div>
   <div class='ocr_carea' id='block_1_2' title="bbox 469 305 2595 1912">
    <p class='ocr_par' dir='ltr' id='par_1_2' title="bbox 469 305 2595 1194">
     <span class='ocr_line' id='line_1_2' title="bbox 470 305 2591 400; baseline -0.001 -22"><span class='ocrx_word' id='word_1_7' title='bbox 470 331 612 400; x_wconf 87' lang='lat' dir='ltr'><strong>que</strong></span> <span class='ocrx_word' id='word_1_8' title='bbox 661 318 996 379; x_wconf 85' lang='lat' dir='ltr'><strong>naturam</strong></span> <span class='ocrx_word' id='word_1_9' title='bbox 1048 306 1361 400; x_wconf 82' lang='lat' dir='ltr'><strong>penitius</strong></span> <span class='ocrx_word' id='word_1_10' title='bbox 1413 306 1965 400; x_wconf 84' lang='lat' dir='ltr'><strong>expediendam,</strong></span> <span class='ocrx_word' id='word_1_11' title='bbox 2016 316 2091 377; x_wconf 88' lang='lat' dir='ltr'><strong>et</strong></span> <span class='ocrx_word' id='word_1_12' title='bbox 2142 305 2269 399; x_wconf 92' lang='lat' dir='ltr'><strong>qui</strong></span> <span class='ocrx_word' id='word_1_13' title='bbox 2335 305 2591 376; x_wconf 88' lang='lat' dir='ltr'><strong>callide</strong></span> 
     </span>
     <span class='ocr_line' id='line_1_3' title="bbox 469 421 2591 518; baseline -0.001 -24"><span class='ocrx_word' id='word_1_14' title='bbox 469 425 658 494; x_wconf 88' lang='lat' dir='ltr'><strong>hanc</strong></span> <span class='ocrx_word' id='word_1_15' title='bbox 691 447 842 494; x_wconf 85' lang='lat' dir='ltr'><strong>rem</strong></span> <span class='ocrx_word' id='word_1_16' title='bbox 878 434 1129 518; x_wconf 87' lang='lat' dir='ltr'><strong>agunt,</strong></span> <span class='ocrx_word' id='word_1_17' title='bbox 1156 423 1250 494; x_wconf 89' lang='lat' dir='ltr'><strong>ad</strong></span> <span class='ocrx_word' id='word_1_18' title='bbox 1277 422 1556 494; x_wconf 86' lang='lat' dir='ltr'><strong>minuta</strong></span> <span class='ocrx_word' id='word_1_19' title='bbox 1582 421 1822 515; x_wconf 88' lang='lat' dir='ltr'><strong>potius</strong></span> <span class='ocrx_word' id='word_1_20' title='bbox 1850 433 2067 515; x_wconf 88' lang='lat' dir='ltr'><strong>atque</strong></span> <span class='ocrx_word' id='word_1_21' title='bbox 2102 444 2188 492; x_wconf 82' lang='lat' dir='ltr'><strong>ea</strong></span> <span class='ocrx_word' id='word_1_22' title='bbox 2222 444 2388 515; x_wconf 85' lang='lat' dir='ltr'><strong>quae</strong></span> <span class='ocrx_word' id='word_1_23' title='bbox 2423 443 2591 492; x_wconf 88' lang='lat' dir='ltr'><strong>casu</strong></span> 
     </span>
     <span class='ocr_line' id='line_1_4' title="bbox 471 537 2595 633; baseline -0.002 -23"><span class='ocrx_word' id='word_1_24' title='bbox 471 538 813 610; x_wconf 86' lang='lat' dir='ltr'><strong>eveniunt</strong></span> <span class='ocrx_word' id='word_1_25' title='bbox 848 550 1195 633; x_wconf 81' lang='lat' dir='ltr'><strong>tanquam</strong></span> <span class='ocrx_word' id='word_1_26' title='bbox 1238 539 1510 610; x_wconf 90' lang='lat' dir='ltr'><strong>indices</strong></span> <span class='ocrx_word' id='word_1_27' title='bbox 1557 538 1779 609; x_wconf 87' lang='lat' dir='ltr'><strong>animi</strong></span> <span class='ocrx_word' id='word_1_28' title='bbox 1829 537 2259 609; x_wconf 88' lang='lat' dir='ltr'><strong>certissimos</strong></span> <span class='ocrx_word' id='word_1_29' title='bbox 2304 560 2380 608; x_wconf 89' lang='lat' dir='ltr'><strong>se</strong></span> <span class='ocrx_word' id='word_1_30' title='bbox 2426 560 2595 607; x_wconf 90' lang='lat' dir='ltr'><strong>con-</strong></span> 
     </span>
     <span class='ocr_line' id='line_1_5' title="bbox 471 656 2592 751; baseline 0.001 -26"><span class='ocrx_word' id='word_1_31' title='bbox 471 666 808 738; x_wconf 83' lang='lat' dir='ltr'><strong>vertunt;</strong></span> <span class='ocrx_word' id='word_1_32' title='bbox 857 657 964 728; x_wconf 89' lang='lat' dir='ltr'><strong>ita</strong></span> <span class='ocrx_word' id='word_1_33' title='bbox 998 681 1189 749; x_wconf 85' lang='lat' dir='ltr'><strong>saepe</strong></span> <span class='ocrx_word' id='word_1_34' title='bbox 1225 657 1309 728; x_wconf 82' lang='lat' dir='ltr'><strong>fit</strong></span> <span class='ocrx_word' id='word_1_35' title='bbox 1343 667 1418 727; x_wconf 87' lang='lat' dir='ltr'><strong>et</strong></span> <span class='ocrx_word' id='word_1_36' title='bbox 1450 656 1529 726; x_wconf 92' lang='lat' dir='ltr'><strong>in</strong></span> <span class='ocrx_word' id='word_1_37' title='bbox 1566 657 1888 728; x_wconf 86' lang='lat' dir='ltr'><strong>externis</strong></span> <span class='ocrx_word' id='word_1_38' title='bbox 1921 680 2163 726; x_wconf 89' lang='lat' dir='ltr'><strong>rerum</strong></span> <span class='ocrx_word' id='word_1_39' title='bbox 2201 656 2473 751; x_wconf 87' lang='lat' dir='ltr'><strong>figuris,</strong></span> <span class='ocrx_word' id='word_1_40' title='bbox 2509 667 2592 728; x_wconf 87' lang='lat' dir='ltr'><strong>ut</strong></span> 
     </span>
     <span class='ocr_line' id='line_1_6' title="bbox 470 772 2589 867; baseline 0 -25"><span class='ocrx_word' id='word_1_41' title='bbox 470 773 665 866; x_wconf 91' lang='lat' dir='ltr'><strong>quod</strong></span> <span class='ocrx_word' id='word_1_42' title='bbox 699 773 900 867; x_wconf 82' lang='lat' dir='ltr'><strong>vulgi</strong></span> <span class='ocrx_word' id='word_1_43' title='bbox 933 776 1174 845; x_wconf 89' lang='lat' dir='ltr'><strong>oculos</strong></span> <span class='ocrx_word' id='word_1_44' title='bbox 1207 772 1401 865; x_wconf 82' lang='lat' dir='ltr'>capit</span> <span class='ocrx_word' id='word_1_45' title='bbox 1435 773 1619 843; x_wconf 88' lang='lat' dir='ltr'>nihil</span> <span class='ocrx_word' id='word_1_46' title='bbox 1652 775 1914 844; x_wconf 86' lang='lat' dir='ltr'><strong>habeat</strong></span> <span class='ocrx_word' id='word_1_47' title='bbox 1943 774 2019 843; x_wconf 90' lang='lat' dir='ltr'><strong>in</strong></span> <span class='ocrx_word' id='word_1_48' title='bbox 2056 798 2131 844; x_wconf 88' lang='lat' dir='ltr'><strong>se</strong></span> <span class='ocrx_word' id='word_1_49' title='bbox 2165 772 2589 844; x_wconf 90' lang='lat' dir='ltr'><strong>distinctum</strong></span> 
     </span>
     <span class='ocr_line' id='line_1_7' title="bbox 473 888 2591 983; baseline 0 -23"><span class='ocrx_word' id='word_1_50' title='bbox 473 899 604 960; x_wconf 81' lang='lat' dir='ltr'><strong>aut</strong></span> <span class='ocrx_word' id='word_1_51' title='bbox 653 889 1062 981; x_wconf 88' lang='lat' dir='ltr'><strong>proprium:</strong></span> <span class='ocrx_word' id='word_1_52' title='bbox 1116 892 1297 960; x_wconf 88' lang='lat' dir='ltr'><strong>latet</strong></span> <span class='ocrx_word' id='word_1_53' title='bbox 1342 891 1478 960; x_wconf 88' lang='lat' dir='ltr'><strong>hoc</strong></span> <span class='ocrx_word' id='word_1_54' title='bbox 1518 891 1964 983; x_wconf 89' lang='lat' dir='ltr'><strong>plerumque,</strong></span> <span class='ocrx_word' id='word_1_55' title='bbox 2015 899 2090 961; x_wconf 90' lang='lat' dir='ltr'><strong>et</strong></span> <span class='ocrx_word' id='word_1_56' title='bbox 2130 913 2176 960; x_wconf 89' lang='lat' dir='ltr'><strong>a</strong></span> <span class='ocrx_word' id='word_1_57' title='bbox 2226 888 2591 961; x_wconf 89' lang='lat' dir='ltr'><strong>communi</strong></span> 
     </span>
     <span class='ocr_line' id='line_1_8' title="bbox 474 1004 2592 1087; baseline 0.001 -13"><span class='ocrx_word' id='word_1_58' title='bbox 474 1004 637 1076; x_wconf 88' lang='lat' dir='ltr'><strong>visu</strong></span> <span class='ocrx_word' id='word_1_59' title='bbox 670 1004 964 1087; x_wconf 85' lang='lat' dir='ltr'><strong>recedit,</strong></span> <span class='ocrx_word' id='word_1_60' title='bbox 991 1027 1137 1075; x_wconf 90' lang='lat' dir='ltr'><strong>non</strong></span> <span class='ocrx_word' id='word_1_61' title='bbox 1171 1005 1307 1076; x_wconf 88' lang='lat' dir='ltr'><strong>nisi</strong></span> <span class='ocrx_word' id='word_1_62' title='bbox 1341 1005 1627 1076; x_wconf 84' lang='lat' dir='ltr'><strong>intenta</strong></span> <span class='ocrx_word' id='word_1_63' title='bbox 1659 1006 1813 1077; x_wconf 90' lang='lat' dir='ltr'><strong>acie</strong></span> <span class='ocrx_word' id='word_1_64' title='bbox 1846 1014 1923 1077; x_wconf 86' lang='lat' dir='ltr'><strong>et</strong></span> <span class='ocrx_word' id='word_1_65' title='bbox 1947 1006 2176 1078; x_wconf 90' lang='lat' dir='ltr'><strong>doctis</strong></span> <span class='ocrx_word' id='word_1_66' title='bbox 2200 1006 2592 1077; x_wconf 80' lang='lat' dir='ltr'><strong>luminibus</strong></span> 
     </span>
     <span class='ocr_line' id='line_1_9' title="bbox 475 1121 900 1194; baseline -0.007 0"><span class='ocrx_word' id='word_1_67' title='bbox 475 1121 900 1194; x_wconf 82' lang='lat' dir='ltr'><strong>eruendum.</strong></span> 
     </span>
    </p>

    <p class='ocr_par' dir='ltr' id='par_1_3' title="bbox 471 1235 2595 1912">
     <span class='ocr_line' id='line_1_10' title="bbox 574 1235 2595 1331; baseline 0 -24"><span class='ocrx_word' id='word_1_68' title='bbox 574 1237 853 1307; x_wconf 86' lang='lat' dir='ltr'><strong>Mirum</strong></span> <span class='ocrx_word' id='word_1_69' title='bbox 888 1247 997 1309; x_wconf 89' lang='lat' dir='ltr'><strong>est</strong></span> <span class='ocrx_word' id='word_1_70' title='bbox 1034 1246 1390 1331; x_wconf 87' lang='lat' dir='ltr'><strong>quantum</strong></span> <span class='ocrx_word' id='word_1_71' title='bbox 1423 1235 1499 1305; x_wconf 88' lang='lat' dir='ltr'><strong>in</strong></span> <span class='ocrx_word' id='word_1_72' title='bbox 1535 1236 1670 1306; x_wconf 88' lang='lat' dir='ltr'><strong>hoc</strong></span> <span class='ocrx_word' id='word_1_73' title='bbox 1713 1258 1980 1330; x_wconf 81' lang='lat' dir='ltr'><strong>genere</strong></span> <span class='ocrx_word' id='word_1_74' title='bbox 2032 1235 2309 1307; x_wconf 87' lang='lat' dir='ltr'><strong>efficere</strong></span> <span class='ocrx_word' id='word_1_75' title='bbox 2358 1245 2595 1328; x_wconf 88' lang='lat' dir='ltr'><strong>potest</strong></span> 
     </span>
     <span class='ocr_line' id='line_1_11' title="bbox 471 1352 2592 1448; baseline -0.002 -22"><span class='ocrx_word' id='word_1_76' title='bbox 471 1377 636 1426; x_wconf 85' lang='lat' dir='ltr'><strong>acre</strong></span> <span class='ocrx_word' id='word_1_77' title='bbox 658 1376 742 1424; x_wconf 88' lang='lat' dir='ltr'><strong>ac</strong></span> <span class='ocrx_word' id='word_1_78' title='bbox 764 1353 1024 1427; x_wconf 85' lang='lat' dir='ltr'><strong>subtile</strong></span> <span class='ocrx_word' id='word_1_79' title='bbox 1049 1352 1422 1448; x_wconf 87' lang='lat' dir='ltr'><strong>ingenium</strong></span> <span class='ocrx_word' id='word_1_80' title='bbox 1448 1353 1664 1446; x_wconf 89' lang='lat' dir='ltr'><strong>longo</strong></span> <span class='ocrx_word' id='word_1_81' title='bbox 1689 1376 1822 1422; x_wconf 88' lang='lat' dir='ltr'><strong>usu</strong></span> <span class='ocrx_word' id='word_1_82' title='bbox 1849 1352 2242 1423; x_wconf 86' lang='lat' dir='ltr'><strong>excultum.</strong></span> <span class='ocrx_word' id='word_1_83' title='bbox 2297 1352 2592 1434; x_wconf 86' lang='lat' dir='ltr'><strong>“Quam</strong></span> 
     </span>
     <span class='ocr_line' id='line_1_12' title="bbox 473 1466 2595 1562; baseline -0.002 -20"><span class='ocrx_word' id='word_1_84' title='bbox 473 1479 519 1511; x_wconf 75' lang='lat'><strong>‘⁸</strong></span> <span class='ocrx_word' id='word_1_85' title='bbox 556 1471 847 1553; x_wconf 87' lang='lat' dir='ltr'><strong>multa,&#39;&#39;</strong></span> <span class='ocrx_word' id='word_1_86' title='bbox 877 1472 1239 1541; x_wconf 82' lang='lat' dir='ltr'><strong>exclamat</strong></span> <span class='ocrx_word' id='word_1_87' title='bbox 1284 1469 1600 1561; x_wconf 89' lang='lat' dir='ltr'><strong>optimus</strong></span> <span class='ocrx_word' id='word_1_88' title='bbox 1645 1467 1766 1539; x_wconf 88' lang='lat' dir='ltr'><strong>ille</strong></span> <span class='ocrx_word' id='word_1_89' title='bbox 1811 1476 1887 1539; x_wconf 86' lang='lat' dir='ltr'><strong>et</strong></span> <span class='ocrx_word' id='word_1_90' title='bbox 1936 1466 2201 1538; x_wconf 88' lang='lat' dir='ltr'><strong>artium</strong></span> <span class='ocrx_word' id='word_1_91' title='bbox 2247 1467 2595 1562; x_wconf 87' lang='lat' dir='ltr'><strong>ingenua-</strong></span> 
     </span>
     <span class='ocr_line' id='line_1_13' title="bbox 472 1581 2589 1678; baseline -0.001 -22"><span class='ocrx_word' id='word_1_92' title='bbox 472 1609 637 1656; x_wconf 88' lang='lat' dir='ltr'><strong>rum</strong></span> <span class='ocrx_word' id='word_1_93' title='bbox 670 1596 747 1657; x_wconf 90' lang='lat' dir='ltr'><strong>et</strong></span> <span class='ocrx_word' id='word_1_94' title='bbox 779 1586 1058 1657; x_wconf 78' lang='lat' dir='ltr'><strong>intimae</strong></span> <span class='ocrx_word' id='word_1_95' title='bbox 1093 1584 1560 1678; x_wconf 86' lang='lat' dir='ltr'><strong>philosophiae</strong></span> <span class='ocrx_word' id='word_1_96' title='bbox 1593 1583 1947 1676; x_wconf 83' lang='lat' dir='ltr'><strong>interpres</strong></span> <span class='ocrx_word' id='word_1_97' title='bbox 1984 1581 2261 1669; x_wconf 88' lang='lat' dir='ltr'><strong>Cicero,</strong></span> <span class='ocrx_word' id='word_1_98' title='bbox 2298 1592 2342 1624; x_wconf 92' lang='lat'><strong>“</strong></span> <span class='ocrx_word' id='word_1_99' title='bbox 2371 1607 2589 1677; x_wconf 87' lang='lat' dir='ltr'><strong>quam</strong></span> 
     </span>
     <span class='ocr_line' id='line_1_14' title="bbox 475 1702 2591 1796; baseline 0 -23"><span class='ocrx_word' id='word_1_100' title='bbox 475 1712 521 1744; x_wconf 74' lang='lat'><strong>‘⁸</strong></span> <span class='ocrx_word' id='word_1_101' title='bbox 554 1705 786 1774; x_wconf 86' lang='lat' dir='ltr'><strong>multa</strong></span> <span class='ocrx_word' id='word_1_102' title='bbox 828 1704 1076 1775; x_wconf 88' lang='lat' dir='ltr'><strong>vident</strong></span> <span class='ocrx_word' id='word_1_103' title='bbox 1123 1703 1427 1796; x_wconf 87' lang='lat' dir='ltr'><strong>pictores</strong></span> <span class='ocrx_word' id='word_1_104' title='bbox 1478 1702 1556 1772; x_wconf 91' lang='lat' dir='ltr'><strong>in</strong></span> <span class='ocrx_word' id='word_1_105' title='bbox 1609 1703 1880 1773; x_wconf 87' lang='lat' dir='ltr'><strong>umbris</strong></span> <span class='ocrx_word' id='word_1_106' title='bbox 1931 1713 2006 1773; x_wconf 89' lang='lat' dir='ltr'><strong>et</strong></span> <span class='ocrx_word' id='word_1_107' title='bbox 2052 1702 2125 1772; x_wconf 91' lang='lat' dir='ltr'><strong>in</strong></span> <span class='ocrx_word' id='word_1_108' title='bbox 2180 1703 2591 1773; x_wconf 88' lang='lat' dir='ltr'><strong>eminentiis</strong></span> 
     </span>
     <span class='ocr_line' id='line_1_15' title="bbox 476 1818 2592 1912; baseline 0 -23"><span class='ocrx_word' id='word_1_109' title='bbox 476 1828 521 1863; x_wconf 86' lang='lat'>“</span> <span class='ocrx_word' id='word_1_110' title='bbox 555 1843 722 1912; x_wconf 84' lang='lat' dir='ltr'><strong>quae</strong></span> <span class='ocrx_word' id='word_1_111' title='bbox 772 1842 902 1890; x_wconf 91' lang='lat' dir='ltr'><strong>nos</strong></span> <span class='ocrx_word' id='word_1_112' title='bbox 951 1841 1096 1890; x_wconf 89' lang='lat' dir='ltr'><strong>non</strong></span> <span class='ocrx_word' id='word_1_113' title='bbox 1131 1818 1458 1889; x_wconf 88' lang='lat' dir='ltr'><strong>videmus</strong></span> <span class='ocrx_word' id='word_1_114' title='bbox 1483 1819 1538 1888; x_wconf 84' lang='lat'><strong>!&#39;&#39;</strong></span> <span class='ocrx_word' id='word_1_115' title='bbox 1590 1818 1697 1890; x_wconf 83' lang='lat' dir='ltr'><strong>Et</strong></span> <span class='ocrx_word' id='word_1_116' title='bbox 1735 1819 2058 1910; x_wconf 85' lang='lat' dir='ltr'><strong>profecto</strong></span> <span class='ocrx_word' id='word_1_117' title='bbox 2107 1819 2346 1889; x_wconf 87' lang='lat' dir='ltr'><strong>nescio</strong></span> <span class='ocrx_word' id='word_1_118' title='bbox 2397 1818 2592 1889; x_wconf 91' lang='lat' dir='ltr'><strong>unde</strong></span> 
     </span>
    </p>
   </div>
   <div class='ocr_carea' id='block_1_3' title="bbox 475 1933 2707 2028">
    <p class='ocr_par' dir='ltr' id='par_1_4' title="bbox 475 1933 2707 2028">
     <span class='ocr_line' id='line_1_16' title="bbox 475 1933 2707 2028; baseline -0.001 -23"><span class='ocrx_word' id='word_1_119' title='bbox 475 1935 584 2021; x_wconf 82' lang='lat' dir='ltr'><strong>fit,</strong></span> <span class='ocrx_word' id='word_1_120' title='bbox 614 1935 691 2005; x_wconf 91' lang='lat' dir='ltr'><strong>in</strong></span> <span class='ocrx_word' id='word_1_121' title='bbox 738 1936 829 2006; x_wconf 90' lang='lat' dir='ltr'><strong>iis</strong></span> <span class='ocrx_word' id='word_1_122' title='bbox 877 1935 1049 2026; x_wconf 89' lang='lat' dir='ltr'><strong>ipsis</strong></span> <span class='ocrx_word' id='word_1_123' title='bbox 1091 1937 1302 2006; x_wconf 87' lang='lat' dir='ltr'><strong>rebus</strong></span> <span class='ocrx_word' id='word_1_124' title='bbox 1347 1957 1528 2028; x_wconf 85' lang='lat' dir='ltr'><strong>quas</strong></span> <span class='ocrx_word' id='word_1_125' title='bbox 1569 1937 1827 2028; x_wconf 86' lang='lat' dir='ltr'><strong>vulgus</strong></span> <span class='ocrx_word' id='word_1_126' title='bbox 1875 1933 2197 2026; x_wconf 84' lang='lat' dir='ltr'><strong>quotidie</strong></span> <span class='ocrx_word' id='word_1_127' title='bbox 2243 1935 2593 2015; x_wconf 88' lang='lat' dir='ltr'><strong>intuetur,</strong></span> <span class='ocrx_word' id='word_1_128' title='bbox 2703 1966 2707 1970; x_wconf 94' lang='lat'>·</span> 
     </span>
    </p>
   </div>
   <div class='ocr_carea' id='block_1_4' title="bbox 479 2049 2598 2258">
    <p class='ocr_par' dir='ltr' id='par_1_5' title="bbox 479 2049 2598 2258">
     <span class='ocr_line' id='line_1_17' title="bbox 479 2049 2598 2141; baseline -0.001 -21"><span class='ocrx_word' id='word_1_129' title='bbox 479 2050 710 2121; x_wconf 86' lang='lat' dir='ltr'><strong>nescit</strong></span> <span class='ocrx_word' id='word_1_130' title='bbox 740 2060 984 2120; x_wconf 85' lang='lat' dir='ltr'><strong>tamen</strong></span> <span class='ocrx_word' id='word_1_131' title='bbox 1021 2051 1443 2141; x_wconf 87' lang='lat' dir='ltr'><strong>plerumque</strong></span> <span class='ocrx_word' id='word_1_132' title='bbox 1477 2049 1771 2118; x_wconf 83' lang='lat' dir='ltr'><strong>ubinam</strong></span> <span class='ocrx_word' id='word_1_133' title='bbox 1804 2049 2122 2139; x_wconf 86' lang='lat' dir='ltr'><strong>partium</strong></span> <span class='ocrx_word' id='word_1_134' title='bbox 2152 2050 2495 2119; x_wconf 85' lang='lat' dir='ltr'><strong>consistat</strong></span> <span class='ocrx_word' id='word_1_135' title='bbox 2518 2049 2598 2118; x_wconf 93' lang='lat' dir='ltr'><strong>id</strong></span> 
     </span>
     <span class='ocr_line' id='line_1_18' title="bbox 479 2162 2597 2258; baseline 0 -23"><span class='ocrx_word' id='word_1_136' title='bbox 479 2165 675 2258; x_wconf 90' lang='lat' dir='ltr'><strong>quod</strong></span> <span class='ocrx_word' id='word_1_137' title='bbox 725 2164 1084 2258; x_wconf 82' lang='lat' dir='ltr'><strong>propriam</strong></span> <span class='ocrx_word' id='word_1_138' title='bbox 1137 2165 1264 2234; x_wconf 88' lang='lat' dir='ltr'><strong>dat</strong></span> <span class='ocrx_word' id='word_1_139' title='bbox 1315 2163 1578 2256; x_wconf 89' lang='lat' dir='ltr'><strong>cuique</strong></span> <span class='ocrx_word' id='word_1_140' title='bbox 1628 2162 1960 2254; x_wconf 86' lang='lat' dir='ltr'><strong>speciem,</strong></span> <span class='ocrx_word' id='word_1_141' title='bbox 2002 2173 2077 2233; x_wconf 87' lang='lat' dir='ltr'><strong>et</strong></span> <span class='ocrx_word' id='word_1_142' title='bbox 2124 2187 2268 2255; x_wconf 90' lang='lat' dir='ltr'><strong>quo</strong></span> <span class='ocrx_word' id='word_1_143' title='bbox 2321 2165 2597 2235; x_wconf 89' lang='lat' dir='ltr'><strong>sublato</strong></span> 
     </span>
    </p>
   </div>
   <div class='ocr_carea' id='block_1_5' title="bbox 364 2278 2598 2372">
    <p class='ocr_par' dir='ltr' id='par_1_6' title="bbox 364 2278 2598 2372">
     <span class='ocr_line' id='line_1_19' title="bbox 364 2278 2598 2372; baseline 0 -22"><span class='ocrx_word' id='word_1_144' title='bbox 364 2362 374 2370; x_wconf 40' lang='grc'>,</span> <span class='ocrx_word' id='word_1_145' title='bbox 482 2280 771 2352; x_wconf 89' lang='lat' dir='ltr'><strong>habitus</strong></span> <span class='ocrx_word' id='word_1_146' title='bbox 802 2280 925 2350; x_wconf 90' lang='lat' dir='ltr'><strong>ille</strong></span> <span class='ocrx_word' id='word_1_147' title='bbox 959 2302 1043 2349; x_wconf 86' lang='lat' dir='ltr'><strong>ac</strong></span> <span class='ocrx_word' id='word_1_148' title='bbox 1083 2278 1288 2372; x_wconf 84' lang='lat' dir='ltr'><strong>quasi</strong></span> <span class='ocrx_word' id='word_1_149' title='bbox 1333 2288 1563 2349; x_wconf 88' lang='lat' dir='ltr'><strong>status</strong></span> <span class='ocrx_word' id='word_1_150' title='bbox 1610 2278 1716 2348; x_wconf 90' lang='lat' dir='ltr'><strong>rei</strong></span> <span class='ocrx_word' id='word_1_151' title='bbox 1765 2278 2141 2370; x_wconf 85' lang='lat' dir='ltr'><strong>peculiaris</strong></span> <span class='ocrx_word' id='word_1_152' title='bbox 2199 2303 2344 2350; x_wconf 88' lang='lat' dir='ltr'><strong>una</strong></span> <span class='ocrx_word' id='word_1_153' title='bbox 2395 2282 2598 2351; x_wconf 90' lang='lat' dir='ltr'><strong>tolle-</strong></span> 
     </span>
    </p>
   </div>
   <div class='ocr_carea' id='block_1_6' title="bbox 476 2394 2597 3173">
    <p class='ocr_par' dir='ltr' id='par_1_7' title="bbox 476 2394 2597 2953">
     <span class='ocr_line' id='line_1_20' title="bbox 480 2394 2594 2488; baseline 0.001 -22"><span class='ocrx_word' id='word_1_154' title='bbox 480 2406 706 2468; x_wconf 86' lang='lat' dir='ltr'><strong>retur.</strong></span> <span class='ocrx_word' id='word_1_155' title='bbox 775 2394 902 2466; x_wconf 91' lang='lat' dir='ltr'><strong>Sin</strong></span> <span class='ocrx_word' id='word_1_156' title='bbox 940 2405 1185 2466; x_wconf 89' lang='lat' dir='ltr'><strong>autem</strong></span> <span class='ocrx_word' id='word_1_157' title='bbox 1219 2395 1516 2487; x_wconf 85' lang='lat' dir='ltr'><strong>peritior</strong></span> <span class='ocrx_word' id='word_1_158' title='bbox 1547 2394 1707 2488; x_wconf 89' lang='lat' dir='ltr'><strong>quis</strong></span> <span class='ocrx_word' id='word_1_159' title='bbox 1732 2395 1826 2466; x_wconf 89' lang='lat' dir='ltr'><strong>ad</strong></span> <span class='ocrx_word' id='word_1_160' title='bbox 1852 2398 2064 2467; x_wconf 85' lang='lat' dir='ltr'><strong>hasce</strong></span> <span class='ocrx_word' id='word_1_161' title='bbox 2091 2407 2327 2488; x_wconf 88' lang='lat' dir='ltr'><strong>partes</strong></span> <span class='ocrx_word' id='word_1_162' title='bbox 2354 2421 2594 2469; x_wconf 87' lang='lat' dir='ltr'><strong>coram</strong></span> 
     </span>
     <span class='ocr_line' id='line_1_21' title="bbox 478 2511 2597 2605; baseline 0.001 -22"><span class='ocrx_word' id='word_1_163' title='bbox 478 2513 812 2584; x_wconf 89' lang='lat' dir='ltr'><strong>intendat</strong></span> <span class='ocrx_word' id='word_1_164' title='bbox 861 2511 1197 2605; x_wconf 87' lang='lat' dir='ltr'><strong>digitum,</strong></span> <span class='ocrx_word' id='word_1_165' title='bbox 1245 2520 1373 2583; x_wconf 87' lang='lat' dir='ltr'><strong>aut</strong></span> <span class='ocrx_word' id='word_1_166' title='bbox 1420 2512 1640 2582; x_wconf 85' lang='lat' dir='ltr'><strong>etiam</strong></span> <span class='ocrx_word' id='word_1_167' title='bbox 1693 2513 1947 2583; x_wconf 83' lang='lat' dir='ltr'><strong>absens</strong></span> <span class='ocrx_word' id='word_1_168' title='bbox 1994 2513 2226 2584; x_wconf 89' lang='lat' dir='ltr'><strong>verbis</strong></span> <span class='ocrx_word' id='word_1_169' title='bbox 2278 2515 2597 2602; x_wconf 86' lang='lat' dir='ltr'><strong>edoceat,</strong></span> 
     </span>
     <span class='ocr_line' id='line_1_22' title="bbox 478 2627 2597 2723; baseline -0 -23"><span class='ocrx_word' id='word_1_170' title='bbox 478 2629 671 2701; x_wconf 87' lang='lat' dir='ltr'><strong>subit</strong></span> <span class='ocrx_word' id='word_1_171' title='bbox 701 2628 893 2698; x_wconf 91' lang='lat' dir='ltr'><strong>illico</strong></span> <span class='ocrx_word' id='word_1_172' title='bbox 926 2627 1001 2697; x_wconf 92' lang='lat' dir='ltr'><strong>in</strong></span> <span class='ocrx_word' id='word_1_173' title='bbox 1039 2638 1358 2699; x_wconf 89' lang='lat' dir='ltr'><strong>mentem</strong></span> <span class='ocrx_word' id='word_1_174' title='bbox 1391 2628 1633 2723; x_wconf 85' lang='lat' dir='ltr'><strong>imago</strong></span> <span class='ocrx_word' id='word_1_175' title='bbox 1679 2630 1871 2701; x_wconf 88' lang='lat' dir='ltr'><strong>clara</strong></span> <span class='ocrx_word' id='word_1_176' title='bbox 1920 2654 2002 2701; x_wconf 86' lang='lat' dir='ltr'><strong>ac</strong></span> <span class='ocrx_word' id='word_1_177' title='bbox 2044 2630 2597 2723; x_wconf 87' lang='lat' dir='ltr'><strong>perfecta—mi-</strong></span> 
     </span>
     <span class='ocr_line' id='line_1_23' title="bbox 476 2744 2593 2839; baseline 0.001 -23"><span class='ocrx_word' id='word_1_178' title='bbox 476 2754 820 2839; x_wconf 88' lang='lat' dir='ltr'><strong>raturque</strong></span> <span class='ocrx_word' id='word_1_179' title='bbox 871 2744 1017 2815; x_wconf 84' lang='lat' dir='ltr'><strong>vim</strong></span> <span class='ocrx_word' id='word_1_180' title='bbox 1075 2745 1181 2815; x_wconf 90' lang='lat' dir='ltr'><strong>rei</strong></span> <span class='ocrx_word' id='word_1_181' title='bbox 1238 2744 1577 2838; x_wconf 90' lang='lat' dir='ltr'><strong>simplicis</strong></span> <span class='ocrx_word' id='word_1_182' title='bbox 1638 2754 1855 2839; x_wconf 86' lang='lat' dir='ltr'><strong>atque</strong></span> <span class='ocrx_word' id='word_1_183' title='bbox 1918 2757 2210 2839; x_wconf 74' lang='lat' dir='ltr'><strong>apertae,</strong></span> <span class='ocrx_word' id='word_1_184' title='bbox 2272 2769 2437 2818; x_wconf 93' lang='lat' dir='ltr'><strong>cum</strong></span> <span class='ocrx_word' id='word_1_185' title='bbox 2499 2744 2593 2818; x_wconf 86' lang='lat' dir='ltr'><strong>sit</strong></span> 
     </span>
     <span class='ocr_line' id='line_1_24' title="bbox 479 2861 2053 2953; baseline 0.002 -24"><span class='ocrx_word' id='word_1_186' title='bbox 479 2870 706 2947; x_wconf 88' lang='lat' dir='ltr'><strong>tanta,</strong></span> <span class='ocrx_word' id='word_1_187' title='bbox 740 2885 784 2931; x_wconf 87' lang='lat' dir='ltr'><strong>a</strong></span> <span class='ocrx_word' id='word_1_188' title='bbox 819 2884 892 2932; x_wconf 89' lang='lat' dir='ltr'><strong>se</strong></span> <span class='ocrx_word' id='word_1_189' title='bbox 927 2871 1102 2932; x_wconf 90' lang='lat' dir='ltr'><strong>tunc</strong></span> <span class='ocrx_word' id='word_1_190' title='bbox 1137 2861 1368 2953; x_wconf 89' lang='lat' dir='ltr'><strong>primo</strong></span> <span class='ocrx_word' id='word_1_191' title='bbox 1402 2885 1555 2932; x_wconf 91' lang='lat' dir='ltr'><strong>esse</strong></span> <span class='ocrx_word' id='word_1_192' title='bbox 1589 2873 2053 2953; x_wconf 86' lang='lat' dir='ltr'><strong>compertam.</strong></span> 
     </span>
    </p>

    <p class='ocr_par' dir='ltr' id='par_1_8' title="bbox 482 2976 2597 3173">
     <span class='ocr_line' id='line_1_25' title="bbox 580 2976 2595 3071; baseline 0 -25"><span class='ocrx_word' id='word_1_193' title='bbox 580 2976 819 3069; x_wconf 90' lang='lat' dir='ltr'><strong>Atqui</strong></span> <span class='ocrx_word' id='word_1_194' title='bbox 869 2976 1039 3047; x_wconf 89' lang='lat' dir='ltr'><strong>licet</strong></span> <span class='ocrx_word' id='word_1_195' title='bbox 1086 2976 1379 3071; x_wconf 86' lang='lat' dir='ltr'><strong>ingenio</strong></span> <span class='ocrx_word' id='word_1_196' title='bbox 1422 2976 1619 3046; x_wconf 82' lang='lat' dir='ltr'><strong>facili</strong></span> <span class='ocrx_word' id='word_1_197' title='bbox 1669 3000 1849 3068; x_wconf 87' lang='lat' dir='ltr'><strong>opus</strong></span> <span class='ocrx_word' id='word_1_198' title='bbox 1901 2977 2018 3060; x_wconf 89' lang='lat' dir='ltr'><strong>sit,</strong></span> <span class='ocrx_word' id='word_1_199' title='bbox 2067 3001 2211 3069; x_wconf 93' lang='lat' dir='ltr'><strong>quo</strong></span> <span class='ocrx_word' id='word_1_200' title='bbox 2271 2979 2427 3046; x_wconf 86' lang='lat' dir='ltr'><strong>haec</strong></span> <span class='ocrx_word' id='word_1_201' title='bbox 2481 3001 2595 3047; x_wconf 88' lang='lat' dir='ltr'><strong>ars</strong></span> 
     </span>
     <span class='ocr_line' id='line_1_26' title="bbox 482 3090 2597 3173; baseline -0.002 -8"><span class='ocrx_word' id='word_1_202' title='bbox 482 3094 668 3165; x_wconf 86' lang='lat' dir='ltr'><strong>bene</strong></span> <span class='ocrx_word' id='word_1_203' title='bbox 729 3114 804 3161; x_wconf 87' lang='lat' dir='ltr'><strong>se</strong></span> <span class='ocrx_word' id='word_1_204' title='bbox 855 3092 1138 3173; x_wconf 87' lang='lat' dir='ltr'><strong>habeat,</strong></span> <span class='ocrx_word' id='word_1_205' title='bbox 1191 3113 1333 3160; x_wconf 91' lang='lat' dir='ltr'><strong>non</strong></span> <span class='ocrx_word' id='word_1_206' title='bbox 1392 3100 1638 3160; x_wconf 87' lang='lat' dir='ltr'><strong>tamen</strong></span> <span class='ocrx_word' id='word_1_207' title='bbox 1701 3090 2019 3161; x_wconf 82' lang='lat' dir='ltr'><strong>ardentis</strong></span> <span class='ocrx_word' id='word_1_208' title='bbox 2080 3100 2190 3160; x_wconf 89' lang='lat' dir='ltr'><strong>est</strong></span> <span class='ocrx_word' id='word_1_209' title='bbox 2241 3099 2370 3161; x_wconf 87' lang='lat' dir='ltr'><strong>aut</strong></span> <span class='ocrx_word' id='word_1_210' title='bbox 2427 3093 2597 3163; x_wconf 89' lang='lat' dir='ltr'><strong>elati</strong></span> 
     </span>
    </p>
   </div>
   <div class='ocr_carea' id='block_1_7' title="bbox 485 3205 2602 3300">
    <p class='ocr_par' dir='ltr' id='par_1_9' title="bbox 485 3205 2602 3300">
     <span class='ocr_line' id='line_1_27' title="bbox 485 3205 2602 3300; baseline -0.001 -21"><span class='ocrx_word' id='word_1_211' title='bbox 485 3206 733 3290; x_wconf 85' lang='lat' dir='ltr'><strong>animi,</strong></span> <span class='ocrx_word' id='word_1_212' title='bbox 769 3217 845 3279; x_wconf 89' lang='lat' dir='ltr'><strong>et</strong></span> <span class='ocrx_word' id='word_1_213' title='bbox 880 3206 1006 3300; x_wconf 93' lang='lat' dir='ltr'><strong>qui</strong></span> <span class='ocrx_word' id='word_1_214' title='bbox 1047 3208 1346 3277; x_wconf 84' lang='lat' dir='ltr'><strong>affectus</strong></span> <span class='ocrx_word' id='word_1_215' title='bbox 1392 3214 1630 3275; x_wconf 87' lang='lat' dir='ltr'><strong>tentat</strong></span> <span class='ocrx_word' id='word_1_216' title='bbox 1677 3205 2143 3277; x_wconf 82' lang='lat' dir='ltr'><strong>sublimiores,</strong></span> <span class='ocrx_word' id='word_1_217' title='bbox 2247 3205 2439 3287; x_wconf 86' lang='lat' dir='ltr'><strong>Quin</strong></span> <span class='ocrx_word' id='word_1_218' title='bbox 2495 3207 2602 3277; x_wconf 89' lang='lat' dir='ltr'><strong>di-</strong></span> 
     </span>
    </p>
   </div>
   <div class='ocr_carea' id='block_1_8' title="bbox 484 3321 2600 4104">
    <p class='ocr_par' dir='ltr' id='par_1_10' title="bbox 484 3321 2600 4104">
     <span class='ocr_line' id='line_1_28' title="bbox 484 3321 2599 3419; baseline 0 -25"><span class='ocrx_word' id='word_1_219' title='bbox 484 3323 743 3419; x_wconf 86' lang='lat' dir='ltr'><strong>ligenti</strong></span> <span class='ocrx_word' id='word_1_220' title='bbox 786 3323 1026 3417; x_wconf 88' lang='lat' dir='ltr'><strong>potius</strong></span> <span class='ocrx_word' id='word_1_221' title='bbox 1066 3322 1374 3392; x_wconf 87' lang='lat' dir='ltr'><strong>efficitur</strong></span> <span class='ocrx_word' id='word_1_222' title='bbox 1407 3321 1923 3404; x_wconf 84' lang='lat' dir='ltr'><strong>observatione,</strong></span> <span class='ocrx_word' id='word_1_223' title='bbox 1959 3331 2034 3392; x_wconf 87' lang='lat' dir='ltr'><strong>et</strong></span> <span class='ocrx_word' id='word_1_224' title='bbox 2067 3321 2298 3393; x_wconf 86' lang='lat' dir='ltr'><strong>limati</strong></span> <span class='ocrx_word' id='word_1_225' title='bbox 2339 3323 2599 3417; x_wconf 86' lang='lat' dir='ltr'><strong>judicii</strong></span> 
     </span>
     <span class='ocr_line' id='line_1_29' title="bbox 487 3439 2597 3532; baseline 0 -21"><span class='ocrx_word' id='word_1_226' title='bbox 487 3450 597 3511; x_wconf 83' lang='lat' dir='ltr'><strong>est</strong></span> <span class='ocrx_word' id='word_1_227' title='bbox 641 3463 901 3524; x_wconf 88' lang='lat' dir='ltr'><strong>comes,</strong></span> <span class='ocrx_word' id='word_1_228' title='bbox 948 3462 1161 3532; x_wconf 86' lang='lat' dir='ltr'><strong>parce</strong></span> <span class='ocrx_word' id='word_1_229' title='bbox 1213 3460 1493 3531; x_wconf 86' lang='lat' dir='ltr'><strong>semper</strong></span> <span class='ocrx_word' id='word_1_230' title='bbox 1543 3459 1627 3509; x_wconf 89' lang='lat' dir='ltr'><strong>ac</strong></span> <span class='ocrx_word' id='word_1_231' title='bbox 1677 3461 1917 3531; x_wconf 89' lang='lat' dir='ltr'><strong>presse</strong></span> <span class='ocrx_word' id='word_1_232' title='bbox 1964 3439 2160 3532; x_wconf 91' lang='lat' dir='ltr'><strong>loqui</strong></span> <span class='ocrx_word' id='word_1_233' title='bbox 2220 3441 2597 3513; x_wconf 89' lang='lat' dir='ltr'><strong>studentis.</strong></span> 
     </span>
     <span class='ocr_line' id='line_1_30' title="bbox 489 3554 2600 3648; baseline 0.001 -22"><span class='ocrx_word' id='word_1_234' title='bbox 489 3556 968 3638; x_wconf 88' lang='lat' dir='ltr'><strong>Quamobrem</strong></span> <span class='ocrx_word' id='word_1_235' title='bbox 1008 3556 1407 3627; x_wconf 86' lang='lat' dir='ltr'><strong>Homerum</strong></span> <span class='ocrx_word' id='word_1_236' title='bbox 1463 3554 1658 3625; x_wconf 88' lang='lat' dir='ltr'><strong>adire</strong></span> <span class='ocrx_word' id='word_1_237' title='bbox 1711 3554 1958 3640; x_wconf 89' lang='lat' dir='ltr'><strong>nolim,</strong></span> <span class='ocrx_word' id='word_1_238' title='bbox 2004 3566 2088 3626; x_wconf 90' lang='lat' dir='ltr'><strong>ut</strong></span> <span class='ocrx_word' id='word_1_239' title='bbox 2132 3579 2297 3648; x_wconf 83' lang='lat' dir='ltr'><strong>quae</strong></span> <span class='ocrx_word' id='word_1_240' title='bbox 2344 3558 2434 3627; x_wconf 91' lang='lat' dir='ltr'><strong>de</strong></span> <span class='ocrx_word' id='word_1_241' title='bbox 2487 3558 2600 3628; x_wconf 90' lang='lat' dir='ltr'><strong>his</strong></span> 
     </span>
     <span class='ocr_line' id='line_1_31' title="bbox 488 3670 2599 3766; baseline 0.001 -25"><span class='ocrx_word' id='word_1_242' title='bbox 488 3672 722 3765; x_wconf 84' lang='lat' dir='ltr'><strong>posita</strong></span> <span class='ocrx_word' id='word_1_243' title='bbox 755 3681 925 3744; x_wconf 90' lang='lat' dir='ltr'><strong>sunt</strong></span> <span class='ocrx_word' id='word_1_244' title='bbox 958 3671 1305 3765; x_wconf 84' lang='lat' dir='ltr'><strong>exemplis</strong></span> <span class='ocrx_word' id='word_1_245' title='bbox 1340 3672 1795 3751; x_wconf 87' lang='lat' dir='ltr'><strong>confirmem:</strong></span> <span class='ocrx_word' id='word_1_246' title='bbox 1834 3681 1911 3742; x_wconf 87' lang='lat' dir='ltr'><strong>at</strong></span> <span class='ocrx_word' id='word_1_247' title='bbox 1945 3670 2252 3766; x_wconf 88' lang='lat' dir='ltr'><strong>Virgilio</strong></span> <span class='ocrx_word' id='word_1_248' title='bbox 2286 3682 2396 3744; x_wconf 84' lang='lat' dir='ltr'><strong>est</strong></span> <span class='ocrx_word' id='word_1_249' title='bbox 2431 3698 2599 3745; x_wconf 92' lang='lat' dir='ltr'><strong>con-</strong></span> 
     </span>
     <span class='ocr_line' id='line_1_32' title="bbox 491 3786 2597 3883; baseline 0 -24"><span class='ocrx_word' id='word_1_250' title='bbox 491 3799 688 3860; x_wconf 87' lang='lat' dir='ltr'><strong>stans</strong></span> <span class='ocrx_word' id='word_1_251' title='bbox 745 3812 830 3861; x_wconf 87' lang='lat' dir='ltr'><strong>ac</strong></span> <span class='ocrx_word' id='word_1_252' title='bbox 887 3789 1036 3860; x_wconf 83' lang='lat' dir='ltr'><strong>fere</strong></span> <span class='ocrx_word' id='word_1_253' title='bbox 1101 3787 1482 3883; x_wconf 86' lang='lat' dir='ltr'><strong>singularis</strong></span> <span class='ocrx_word' id='word_1_254' title='bbox 1542 3789 1718 3871; x_wconf 87' lang='lat' dir='ltr'><strong>laus,</strong></span> <span class='ocrx_word' id='word_1_255' title='bbox 1780 3786 1974 3882; x_wconf 90' lang='lat' dir='ltr'><strong>quod</strong></span> <span class='ocrx_word' id='word_1_256' title='bbox 2041 3789 2597 3881; x_wconf 86' lang='lat' dir='ltr'><strong>descriptionum</strong></span> 
     </span>
     <span class='ocr_line' id='line_1_33' title="bbox 490 3904 2594 3999; baseline 0 -24"><span class='ocrx_word' id='word_1_257' title='bbox 490 3904 713 3977; x_wconf 87' lang='lat' dir='ltr'><strong>nitori</strong></span> <span class='ocrx_word' id='word_1_258' title='bbox 746 3912 963 3999; x_wconf 88' lang='lat' dir='ltr'><strong>atque</strong></span> <span class='ocrx_word' id='word_1_259' title='bbox 1004 3905 1336 3977; x_wconf 84' lang='lat' dir='ltr'><strong>efficaciae</strong></span> <span class='ocrx_word' id='word_1_260' title='bbox 1373 3904 1488 3994; x_wconf 89' lang='lat' dir='ltr'><strong>(ut</strong></span> <span class='ocrx_word' id='word_1_261' title='bbox 1517 3905 1911 3997; x_wconf 88' lang='lat' dir='ltr'><strong>loquuntur</strong></span> <span class='ocrx_word' id='word_1_262' title='bbox 1957 3904 2237 3998; x_wconf 88' lang='lat' dir='ltr'><strong>Critici)</strong></span> <span class='ocrx_word' id='word_1_263' title='bbox 2275 3929 2403 3975; x_wconf 89' lang='lat' dir='ltr'><strong>sua</strong></span> <span class='ocrx_word' id='word_1_264' title='bbox 2452 3929 2594 3976; x_wconf 91' lang='lat' dir='ltr'><strong>non</strong></span> 
     </span>
     <span class='ocr_line' id='line_1_34' title="bbox 493 4018 2599 4104; baseline 0 -13"><span class='ocrx_word' id='word_1_265' title='bbox 493 4021 682 4092; x_wconf 87' lang='lat' dir='ltr'><strong>obsit</strong></span> <span class='ocrx_word' id='word_1_266' title='bbox 715 4020 1165 4093; x_wconf 84' lang='lat' dir='ltr'><strong>verecundia.</strong></span> <span class='ocrx_word' id='word_1_267' title='bbox 1270 4019 1474 4090; x_wconf 87' lang='lat' dir='ltr'><strong>Nihil</strong></span> <span class='ocrx_word' id='word_1_268' title='bbox 1518 4019 1593 4089; x_wconf 91' lang='lat' dir='ltr'><strong>in</strong></span> <span class='ocrx_word' id='word_1_269' title='bbox 1630 4043 1715 4091; x_wconf 87' lang='lat' dir='ltr'><strong>eo</strong></span> <span class='ocrx_word' id='word_1_270' title='bbox 1749 4031 1860 4090; x_wconf 88' lang='lat' dir='ltr'><strong>est</strong></span> <span class='ocrx_word' id='word_1_271' title='bbox 1895 4018 2225 4104; x_wconf 90' lang='lat' dir='ltr'><strong>otiosum,</strong></span> <span class='ocrx_word' id='word_1_272' title='bbox 2260 4018 2440 4090; x_wconf 89' lang='lat' dir='ltr'><strong>nihil</strong></span> <span class='ocrx_word' id='word_1_273' title='bbox 2484 4029 2599 4091; x_wconf 84' lang='lat' dir='ltr'><strong>tu-</strong></span> 
     </span>
    </p>
   </div>
   <div class='ocr_carea' id='block_1_9' title="bbox 1523 4153 1575 4202">
    <p class='ocr_par' dir='ltr' id='par_1_11' title="bbox 1523 4153 1575 4202">
     <span class='ocr_line' id='line_1_35' title="bbox 1523 4153 1575 4202; baseline 0 0"><span class='ocrx_word' id='word_1_274' title='bbox 1523 4153 1575 4202; x_wconf 92' lang='lat' dir='ltr'><strong>G</strong></span> 
     </span>
    </p>
   </div>
   <div class='ocr_carea' id='block_1_10' title="bbox 108 4966 2826 5575">
    <p class='ocr_par' dir='ltr' id='par_1_12' title="bbox 108 4966 2826 5575">
     <span class='ocr_line' id='line_1_36' title="bbox 108 4966 2826 5575; baseline 0 0"><span class='ocrx_word' id='word_1_275' title='bbox 108 4966 2826 5575; x_wconf 95' lang='lat' dir='ltr'><strong> </strong></span> 
     </span>
    </p>
   </div>
   <div class='ocr_carea' id='block_1_11' title="bbox 3446 0 3449 2716">
    <p class='ocr_par' dir='ltr' id='par_1_13' title="bbox 3446 0 3449 2716">
     <span class='ocr_line' id='line_1_37' title="bbox 3446 0 3449 2716; baseline 0 0"><span class='ocrx_word' id='word_1_276' title='bbox 3446 0 3449 2716; x_wconf 95' lang='lat' dir='ltr'><strong> </strong></span> 
     </span>
    </p>
   </div>
  </div>
 </body>
</html>
