<?xml version="1.0" encoding="UTF-8"?>
<!DOCTYPE html PUBLIC "-//W3C//DTD XHTML 1.0 Transitional//EN"
    "http://www.w3.org/TR/xhtml1/DTD/xhtml1-transitional.dtd">
<html xmlns="http://www.w3.org/1999/xhtml" xml:lang="en" lang="en">
 <head>
  <title>
</title>
<meta http-equiv="Content-Type" content="text/html;charset=utf-8" />
  <meta name='ocr-system' content='tesseract 3.04.00' />
  <meta name='ocr-capabilities' content='ocr_page ocr_carea ocr_par ocr_line ocrx_word'/>
</head>
<body>
  <div class='ocr_page' id='page_1' title='image "./praelectionesac00coplgoog_0332.png"; bbox 0 0 3559 5575; ppageno 0'>
   <div class='ocr_carea' id='block_1_1' title="bbox 1033 111 3167 181">
    <p class='ocr_par' dir='ltr' id='par_1_1' title="bbox 1033 111 3167 181">
     <span class='ocr_line' id='line_1_1' title="bbox 1033 111 3167 181; baseline 0.002 -5"><span class='ocrx_word' id='word_1_1' title='bbox 1033 113 1164 176; x_wconf 77' lang='lat'><strong>330</strong></span> <span class='ocrx_word' id='word_1_2' title='bbox 1728 111 1974 176; x_wconf 89' lang='lat' dir='ltr'><strong>PARS</strong></span> <span class='ocrx_word' id='word_1_3' title='bbox 2021 111 2472 177; x_wconf 89' lang='lat' dir='ltr'>SECUNDA</span> <span class='ocrx_word' id='word_1_4' title='bbox 2610 114 2835 178; x_wconf 71' lang='lat' dir='ltr'><strong>Pam„</strong></span> <span class='ocrx_word' id='word_1_5' title='bbox 2873 116 3167 181; x_wconf 86' lang='lat' dir='ltr'>XXVI.</span> 
     </span>
    </p>
   </div>
   <div class='ocr_carea' id='block_1_2' title="bbox 1035 282 2739 587">
    <p class='ocr_par' dir='ltr' id='par_1_2' title="bbox 1035 282 2739 587">
     <span class='ocr_line' id='line_1_2' title="bbox 1035 282 2739 380; baseline 0.004 -28"><span class='ocrx_word' id='word_1_6' title='bbox 1035 282 1229 354; x_wconf 86' lang='lat' dir='ltr'><strong>Tum</strong></span> <span class='ocrx_word' id='word_1_7' title='bbox 1265 282 1664 355; x_wconf 87' lang='lat' dir='ltr'><strong>novissimis</strong></span> <span class='ocrx_word' id='word_1_8' title='bbox 1699 285 1894 355; x_wconf 88' lang='lat' dir='ltr'><strong>bisce</strong></span> <span class='ocrx_word' id='word_1_9' title='bbox 1926 285 2325 357; x_wconf 89' lang='lat' dir='ltr'><strong>orationem</strong></span> <span class='ocrx_word' id='word_1_10' title='bbox 2351 286 2739 380; x_wconf 82' lang='lat' dir='ltr'><strong>abrumpit.</strong></span> 
     </span>
     <span class='ocr_line' id='line_1_3' title="bbox 1206 394 2416 483; baseline 0 -24"><span class='ocrx_word' id='word_1_11' title='bbox 1206 394 1375 483; x_wconf 71' lang='grc' dir='ltr'><strong><em>Εἴπερ</em></strong></span> <span class='ocrx_word' id='word_1_12' title='bbox 1405 400 1522 482; x_wconf 76' lang='grc' dir='ltr'><strong>γὰρ</strong></span> <span class='ocrx_word' id='word_1_13' title='bbox 1551 399 1756 460; x_wconf 75' lang='grc' dir='ltr'><strong>ἀδικεῖν</strong></span> <span class='ocrx_word' id='word_1_14' title='bbox 1780 401 1927 482; x_wconf 80' lang='grc' dir='ltr'><em>χρὴ,</em></span> <span class='ocrx_word' id='word_1_15' title='bbox 1958 397 2265 481; x_wconf 73' lang='grc' dir='ltr'><strong><em>τυραννίδος</em></strong></span> <span class='ocrx_word' id='word_1_16' title='bbox 2293 397 2416 480; x_wconf 73' lang='grc' dir='ltr'><strong>πέρι</strong></span> 
     </span>
     <span class='ocr_line' id='line_1_4' title="bbox 1206 499 2621 587; baseline 0.003 -26"><span class='ocrx_word' id='word_1_17' title='bbox 1206 500 1541 565; x_wconf 76' lang='grc' dir='ltr'><strong><em>Κάλλιστον</em></strong></span> <span class='ocrx_word' id='word_1_18' title='bbox 1571 499 1803 562; x_wconf 79' lang='grc' dir='ltr'><strong>ἀδικεῖν·</strong></span> <span class='ocrx_word' id='word_1_19' title='bbox 1839 499 2035 562; x_wconf 76' lang='grc' dir='ltr'><strong>τᾶλλα</strong></span> <span class='ocrx_word' id='word_1_20' title='bbox 2062 501 2106 561; x_wconf 86' lang='grc' dir='ltr'><strong>δ’</strong></span> <span class='ocrx_word' id='word_1_21' title='bbox 2137 503 2383 580; x_wconf 75' lang='grc' dir='ltr'><strong>εὐσεβεῖν</strong></span> <span class='ocrx_word' id='word_1_22' title='bbox 2407 500 2621 587; x_wconf 71' lang='grc' dir='ltr'><strong><em>χρεών.</em></strong></span> 
     </span>
    </p>
   </div>
   <div class='ocr_carea' id='block_1_3' title="bbox 2419 602 3064 672">
    <p class='ocr_par' dir='ltr' id='par_1_3' title="bbox 2419 602 3064 672">
     <span class='ocr_line' id='line_1_5' title="bbox 2419 602 3064 672; baseline 0.008 -9"><span class='ocrx_word' id='word_1_23' title='bbox 2419 602 2598 664; x_wconf 76' lang='lat' dir='ltr'><strong>Ena.</strong></span> <span class='ocrx_word' id='word_1_24' title='bbox 2634 603 2875 667; x_wconf 73' lang='lat' dir='ltr'><strong>Pnum.</strong></span> <span class='ocrx_word' id='word_1_25' title='bbox 2906 607 3064 672; x_wconf 78' lang='lat'><strong>527.</strong></span> 
     </span>
    </p>
   </div>
   <div class='ocr_carea' id='block_1_4' title="bbox 1015 751 3159 3746">
    <p class='ocr_par' dir='ltr' id='par_1_4' title="bbox 1026 751 3159 1544">
     <span class='ocr_line' id='line_1_6' title="bbox 1126 751 3154 845; baseline -0 -15"><span class='ocrx_word' id='word_1_26' title='bbox 1126 756 1429 831; x_wconf 89' lang='lat' dir='ltr'><strong>Utinam</strong></span> <span class='ocrx_word' id='word_1_27' title='bbox 1463 777 1635 825; x_wconf 86' lang='lat' dir='ltr'><strong>sane</strong></span> <span class='ocrx_word' id='word_1_28' title='bbox 1665 752 1743 823; x_wconf 91' lang='lat' dir='ltr'><strong>id</strong></span> <span class='ocrx_word' id='word_1_29' title='bbox 1774 752 2010 824; x_wconf 87' lang='lat' dir='ltr'><strong>laudis</strong></span> <span class='ocrx_word' id='word_1_30' title='bbox 2046 751 2384 845; x_wconf 88' lang='lat' dir='ltr'><strong>Euripidi</strong></span> <span class='ocrx_word' id='word_1_31' title='bbox 2418 754 2676 826; x_wconf 89' lang='lat' dir='ltr'><strong>merito</strong></span> <span class='ocrx_word' id='word_1_32' title='bbox 2709 758 3154 829; x_wconf 87' lang='lat' dir='ltr'><strong>concedere-</strong></span> 
     </span>
     <span class='ocr_line' id='line_1_7' title="bbox 1029 871 3159 965; baseline 0 -21"><span class='ocrx_word' id='word_1_33' title='bbox 1029 884 1170 955; x_wconf 90' lang='lat' dir='ltr'><strong>tur,</strong></span> <span class='ocrx_word' id='word_1_34' title='bbox 1196 882 1279 943; x_wconf 90' lang='lat' dir='ltr'><strong>ut</strong></span> <span class='ocrx_word' id='word_1_35' title='bbox 1305 892 1659 964; x_wconf 87' lang='lat' dir='ltr'><strong>nusquam</strong></span> <span class='ocrx_word' id='word_1_36' title='bbox 1684 871 1899 964; x_wconf 86' lang='lat' dir='ltr'><strong>hujus</strong></span> <span class='ocrx_word' id='word_1_37' title='bbox 1928 871 2162 961; x_wconf 88' lang='lat' dir='ltr'><strong>culpae</strong></span> <span class='ocrx_word' id='word_1_38' title='bbox 2195 891 2360 940; x_wconf 90' lang='lat' dir='ltr'><strong>reus</strong></span> <span class='ocrx_word' id='word_1_39' title='bbox 2396 881 2782 965; x_wconf 79' lang='lat' dir='ltr'><strong>arguatur:</strong></span> <span class='ocrx_word' id='word_1_40' title='bbox 2820 873 2950 944; x_wconf 88' lang='lat' dir='ltr'><strong>sed</strong></span> <span class='ocrx_word' id='word_1_41' title='bbox 2988 875 3159 965; x_wconf 88' lang='lat' dir='ltr'><strong>plu-</strong></span> 
     </span>
     <span class='ocr_line' id='line_1_8' title="bbox 1027 980 3147 1080; baseline 0 -21"><span class='ocrx_word' id='word_1_42' title='bbox 1027 988 1212 1059; x_wconf 89' lang='lat' dir='ltr'><strong>rima</strong></span> <span class='ocrx_word' id='word_1_43' title='bbox 1245 997 1413 1058; x_wconf 89' lang='lat' dir='ltr'><strong>sunt</strong></span> <span class='ocrx_word' id='word_1_44' title='bbox 1445 986 1522 1056; x_wconf 92' lang='lat' dir='ltr'><strong>in</strong></span> <span class='ocrx_word' id='word_1_45' title='bbox 1555 983 1918 1057; x_wconf 90' lang='lat' dir='ltr'><strong>Alcestide</strong></span> <span class='ocrx_word' id='word_1_46' title='bbox 1944 984 2037 1055; x_wconf 84' lang='lat' dir='ltr'><strong>ab</strong></span> <span class='ocrx_word' id='word_1_47' title='bbox 2056 980 2376 1055; x_wconf 85' lang='lat' dir='ltr'><strong>Admeto</strong></span> <span class='ocrx_word' id='word_1_48' title='bbox 2402 985 2479 1054; x_wconf 91' lang='lat' dir='ltr'><strong>in</strong></span> <span class='ocrx_word' id='word_1_49' title='bbox 2508 986 2818 1058; x_wconf 90' lang='lat' dir='ltr'><strong>Pherem</strong></span> <span class='ocrx_word' id='word_1_50' title='bbox 2853 999 3147 1080; x_wconf 86' lang='lat' dir='ltr'><strong>patrem</strong></span> 
     </span>
     <span class='ocr_line' id='line_1_9' title="bbox 1028 1099 3152 1196; baseline 0 -21"><span class='ocrx_word' id='word_1_51' title='bbox 1028 1127 1239 1175; x_wconf 85' lang='lat' dir='ltr'><strong>suum</strong></span> <span class='ocrx_word' id='word_1_52' title='bbox 1291 1102 1610 1175; x_wconf 85' lang='lat' dir='ltr'><strong>convicia</strong></span> <span class='ocrx_word' id='word_1_53' title='bbox 1657 1101 1877 1186; x_wconf 89' lang='lat' dir='ltr'><strong>edita,</strong></span> <span class='ocrx_word' id='word_1_54' title='bbox 1923 1100 2104 1172; x_wconf 88' lang='lat' dir='ltr'><strong>adeo</strong></span> <span class='ocrx_word' id='word_1_55' title='bbox 2145 1099 2373 1171; x_wconf 84' lang='lat' dir='ltr'><strong>atroci</strong></span> <span class='ocrx_word' id='word_1_56' title='bbox 2418 1111 2494 1172; x_wconf 89' lang='lat' dir='ltr'><strong>et</strong></span> <span class='ocrx_word' id='word_1_57' title='bbox 2525 1102 2718 1173; x_wconf 88' lang='lat' dir='ltr'><strong>foeda</strong></span> <span class='ocrx_word' id='word_1_58' title='bbox 2764 1102 3152 1196; x_wconf 83' lang='lat' dir='ltr'><strong>impietate</strong></span> 
     </span>
     <span class='ocr_line' id='line_1_10' title="bbox 1026 1215 3152 1314; baseline 0 -22"><span class='ocrx_word' id='word_1_59' title='bbox 1026 1221 1426 1314; x_wconf 89' lang='lat' dir='ltr'><strong>inquinata,</strong></span> <span class='ocrx_word' id='word_1_60' title='bbox 1452 1229 1536 1290; x_wconf 89' lang='lat' dir='ltr'><strong>ut</strong></span> <span class='ocrx_word' id='word_1_61' title='bbox 1561 1241 1774 1289; x_wconf 89' lang='lat' dir='ltr'><strong>scena</strong></span> <span class='ocrx_word' id='word_1_62' title='bbox 1799 1239 2084 1308; x_wconf 89' lang='lat' dir='ltr'><strong>prorsus</strong></span> <span class='ocrx_word' id='word_1_63' title='bbox 2109 1215 2412 1311; x_wconf 84' lang='lat' dir='ltr'><strong>indigna</strong></span> <span class='ocrx_word' id='word_1_64' title='bbox 2441 1217 2868 1302; x_wconf 85' lang='lat' dir='ltr'><strong>habeantur,</strong></span> <span class='ocrx_word' id='word_1_65' title='bbox 2887 1229 2969 1291; x_wconf 87' lang='lat' dir='ltr'><strong>et</strong></span> <span class='ocrx_word' id='word_1_66' title='bbox 2994 1221 3152 1292; x_wconf 82' lang='lat' dir='ltr'><strong>fere</strong></span> 
     </span>
     <span class='ocr_line' id='line_1_11' title="bbox 1027 1333 3150 1433; baseline 0 -27"><span class='ocrx_word' id='word_1_67' title='bbox 1027 1336 1122 1406; x_wconf 90' lang='lat' dir='ltr'><strong>ad</strong></span> <span class='ocrx_word' id='word_1_68' title='bbox 1152 1334 1364 1433; x_wconf 77' lang='grc' dir='ltr'><strong><em>μιαρὸν</em></strong></span> <span class='ocrx_word' id='word_1_69' title='bbox 1395 1334 1576 1406; x_wconf 91' lang='lat' dir='ltr'><strong>illud</strong></span> <span class='ocrx_word' id='word_1_70' title='bbox 1609 1333 1975 1416; x_wconf 87' lang='lat' dir='ltr'><strong>accedant,</strong></span> <span class='ocrx_word' id='word_1_71' title='bbox 2009 1333 2202 1425; x_wconf 91' lang='lat' dir='ltr'><strong>quod</strong></span> <span class='ocrx_word' id='word_1_72' title='bbox 2244 1356 2285 1403; x_wconf 88' lang='lat' dir='ltr'><strong>a</strong></span> <span class='ocrx_word' id='word_1_73' title='bbox 2332 1333 2530 1426; x_wconf 89' lang='lat' dir='ltr'><strong>poesi</strong></span> <span class='ocrx_word' id='word_1_74' title='bbox 2573 1334 2896 1405; x_wconf 90' lang='lat' dir='ltr'><strong>omnium</strong></span> <span class='ocrx_word' id='word_1_75' title='bbox 2944 1336 3150 1407; x_wconf 81' lang='lat' dir='ltr'><strong>criti-</strong></span> 
     </span>
     <span class='ocr_line' id='line_1_12' title="bbox 1026 1449 1877 1544; baseline -0.005 -23"><span class='ocrx_word' id='word_1_76' title='bbox 1026 1474 1270 1521; x_wconf 88' lang='lat' dir='ltr'><strong>corum</strong></span> <span class='ocrx_word' id='word_1_77' title='bbox 1296 1449 1573 1544; x_wconf 86' lang='lat' dir='ltr'><strong>judicio</strong></span> <span class='ocrx_word' id='word_1_78' title='bbox 1605 1449 1877 1520; x_wconf 89' lang='lat' dir='ltr'><strong>exulat.</strong></span> 
     </span>
    </p>

    <p class='ocr_par' dir='ltr' id='par_1_5' title="bbox 1021 1564 3147 2358">
     <span class='ocr_line' id='line_1_13' title="bbox 1126 1564 3144 1659; baseline 0 -22"><span class='ocrx_word' id='word_1_79' title='bbox 1126 1566 1266 1637; x_wconf 87' lang='lat' dir='ltr'><strong>Est</strong></span> <span class='ocrx_word' id='word_1_80' title='bbox 1299 1574 1492 1636; x_wconf 85' lang='lat' dir='ltr'><strong>certe</strong></span> <span class='ocrx_word' id='word_1_81' title='bbox 1525 1564 1798 1657; x_wconf 87' lang='lat' dir='ltr'><strong>aliquid</strong></span> <span class='ocrx_word' id='word_1_82' title='bbox 1832 1564 2151 1635; x_wconf 89' lang='lat' dir='ltr'><strong>dandum</strong></span> <span class='ocrx_word' id='word_1_83' title='bbox 2193 1565 2498 1636; x_wconf 84' lang='lat' dir='ltr'><strong>dicentis</strong></span> <span class='ocrx_word' id='word_1_84' title='bbox 2546 1565 2882 1650; x_wconf 78' lang='lat' dir='ltr'><strong>moribu3‚</strong></span> <span class='ocrx_word' id='word_1_85' title='bbox 2915 1588 3144 1659; x_wconf 86' lang='lat' dir='ltr'><strong>quem</strong></span> 
     </span>
     <span class='ocr_line' id='line_1_14' title="bbox 1027 1680 3145 1774; baseline 0 -21"><span class='ocrx_word' id='word_1_86' title='bbox 1027 1681 1412 1774; x_wconf 86' lang='lat' dir='ltr'><strong>saepissime</strong></span> <span class='ocrx_word' id='word_1_87' title='bbox 1450 1704 1581 1751; x_wconf 87' lang='lat' dir='ltr'><strong>usu</strong></span> <span class='ocrx_word' id='word_1_88' title='bbox 1614 1680 1814 1752; x_wconf 88' lang='lat' dir='ltr'><strong>venit</strong></span> <span class='ocrx_word' id='word_1_89' title='bbox 1851 1695 1926 1751; x_wconf 86' lang='lat' dir='ltr'><strong>et</strong></span> <span class='ocrx_word' id='word_1_90' title='bbox 1961 1680 2200 1772; x_wconf 90' lang='lat' dir='ltr'><strong>pravis</strong></span> <span class='ocrx_word' id='word_1_91' title='bbox 2250 1680 2625 1752; x_wconf 85' lang='lat' dir='ltr'><strong>affectibus</strong></span> <span class='ocrx_word' id='word_1_92' title='bbox 2675 1682 3145 1769; x_wconf 86' lang='lat' dir='ltr'><strong>commoveri,</strong></span> 
     </span>
     <span class='ocr_line' id='line_1_15' title="bbox 1025 1793 3146 1892; baseline 0 -24"><span class='ocrx_word' id='word_1_93' title='bbox 1025 1807 1100 1869; x_wconf 89' lang='lat' dir='ltr'><strong>et</strong></span> <span class='ocrx_word' id='word_1_94' title='bbox 1135 1797 1310 1891; x_wconf 90' lang='lat' dir='ltr'><strong>quid</strong></span> <span class='ocrx_word' id='word_1_95' title='bbox 1343 1793 1520 1868; x_wconf 77' lang='lat' dir='ltr'><strong>velit</strong></span> <span class='ocrx_word' id='word_1_96' title='bbox 1550 1797 1780 1891; x_wconf 87' lang='lat' dir='ltr'><strong>magis</strong></span> <span class='ocrx_word' id='word_1_97' title='bbox 1815 1820 2032 1890; x_wconf 90' lang='lat' dir='ltr'><strong>quam</strong></span> <span class='ocrx_word' id='word_1_98' title='bbox 2069 1797 2247 1890; x_wconf 90' lang='lat' dir='ltr'><strong>quid</strong></span> <span class='ocrx_word' id='word_1_99' title='bbox 2279 1803 2622 1892; x_wconf 75' lang='lat' dir='ltr'><strong>oporteat</strong></span> <span class='ocrx_word' id='word_1_100' title='bbox 2650 1821 2882 1892; x_wconf 86' lang='lat' dir='ltr'><strong>agere.</strong></span> <span class='ocrx_word' id='word_1_101' title='bbox 2992 1798 3146 1869; x_wconf 90' lang='lat' dir='ltr'><strong>Sed</strong></span> 
     </span>
     <span class='ocr_line' id='line_1_16' title="bbox 1025 1913 3147 2008; baseline 0 -23"><span class='ocrx_word' id='word_1_102' title='bbox 1025 1915 1359 2008; x_wconf 90' lang='lat' dir='ltr'><strong>quoniam</strong></span> <span class='ocrx_word' id='word_1_103' title='bbox 1414 1916 1641 1986; x_wconf 86' lang='lat' dir='ltr'><strong>scelus</strong></span> <span class='ocrx_word' id='word_1_104' title='bbox 1689 1936 1938 1985; x_wconf 86' lang='lat' dir='ltr'><strong>omnes</strong></span> <span class='ocrx_word' id='word_1_105' title='bbox 1984 1913 2193 1983; x_wconf 86' lang='lat' dir='ltr'><strong>inviti</strong></span> <span class='ocrx_word' id='word_1_106' title='bbox 2234 1914 2624 1997; x_wconf 89' lang='lat' dir='ltr'><strong>intuemur,</strong></span> <span class='ocrx_word' id='word_1_107' title='bbox 2659 1913 2739 1984; x_wconf 92' lang='lat' dir='ltr'><strong>id</strong></span> <span class='ocrx_word' id='word_1_108' title='bbox 2768 1914 2986 1985; x_wconf 92' lang='lat' dir='ltr'><strong>modo</strong></span> <span class='ocrx_word' id='word_1_109' title='bbox 3020 1939 3147 1986; x_wconf 88' lang='lat' dir='ltr'><strong>ca-</strong></span> 
     </span>
     <span class='ocr_line' id='line_1_17' title="bbox 1026 2029 3143 2119; baseline 0.001 -18"><span class='ocrx_word' id='word_1_110' title='bbox 1026 2032 1340 2102; x_wconf 86' lang='lat' dir='ltr'><strong>vendum</strong></span> <span class='ocrx_word' id='word_1_111' title='bbox 1373 2030 1575 2119; x_wconf 85' lang='lat' dir='ltr'><strong>duxi,</strong></span> <span class='ocrx_word' id='word_1_112' title='bbox 1607 2041 1691 2102; x_wconf 89' lang='lat' dir='ltr'><strong>ut</strong></span> <span class='ocrx_word' id='word_1_113' title='bbox 1724 2053 1816 2100; x_wconf 89' lang='lat' dir='ltr'><strong>ne</strong></span> <span class='ocrx_word' id='word_1_114' title='bbox 1864 2030 2129 2100; x_wconf 88' lang='lat' dir='ltr'><strong>scelera</strong></span> <span class='ocrx_word' id='word_1_115' title='bbox 2168 2052 2265 2100; x_wconf 85' lang='lat' dir='ltr'><strong>ex</strong></span> <span class='ocrx_word' id='word_1_116' title='bbox 2314 2052 2512 2101; x_wconf 90' lang='lat' dir='ltr'><strong>mero</strong></span> <span class='ocrx_word' id='word_1_117' title='bbox 2557 2029 2838 2101; x_wconf 86' lang='lat' dir='ltr'><strong>sceleris</strong></span> <span class='ocrx_word' id='word_1_118' title='bbox 2886 2054 3143 2104; x_wconf 85' lang='lat' dir='ltr'><strong>amore</strong></span> 
     </span>
     <span class='ocr_line' id='line_1_18' title="bbox 1022 2144 3145 2238; baseline 0 -21"><span class='ocrx_word' id='word_1_119' title='bbox 1022 2147 1405 2220; x_wconf 83' lang='lat' dir='ltr'><strong>videantur</strong></span> <span class='ocrx_word' id='word_1_120' title='bbox 1436 2146 1654 2229; x_wconf 87' lang='lat' dir='ltr'><strong>nasci,</strong></span> <span class='ocrx_word' id='word_1_121' title='bbox 1688 2168 1922 2238; x_wconf 88' lang='lat' dir='ltr'><strong>neque</strong></span> <span class='ocrx_word' id='word_1_122' title='bbox 1955 2144 2136 2216; x_wconf 85' lang='lat' dir='ltr'><strong>adeo</strong></span> <span class='ocrx_word' id='word_1_123' title='bbox 2170 2144 2474 2216; x_wconf 83' lang='lat' dir='ltr'><strong>deformi</strong></span> <span class='ocrx_word' id='word_1_124' title='bbox 2511 2155 2754 2216; x_wconf 87' lang='lat' dir='ltr'><strong>mente</strong></span> <span class='ocrx_word' id='word_1_125' title='bbox 2793 2146 2956 2238; x_wconf 86' lang='lat' dir='ltr'><strong>quis</strong></span> <span class='ocrx_word' id='word_1_126' title='bbox 3002 2147 3145 2218; x_wconf 85' lang='lat' dir='ltr'><strong>fin-</strong></span> 
     </span>
     <span class='ocr_line' id='line_1_19' title="bbox 1021 2259 3012 2358; baseline -0.002 -23"><span class='ocrx_word' id='word_1_127' title='bbox 1021 2275 1259 2358; x_wconf 85' lang='lat' dir='ltr'><strong>gatur,</strong></span> <span class='ocrx_word' id='word_1_128' title='bbox 1291 2273 1375 2334; x_wconf 89' lang='lat' dir='ltr'><strong>ut</strong></span> <span class='ocrx_word' id='word_1_129' title='bbox 1406 2261 1732 2355; x_wconf 88' lang='lat' dir='ltr'><strong>improba</strong></span> <span class='ocrx_word' id='word_1_130' title='bbox 1762 2283 1927 2354; x_wconf 86' lang='lat' dir='ltr'><strong>quae</strong></span> <span class='ocrx_word' id='word_1_131' title='bbox 1962 2259 2107 2331; x_wconf 90' lang='lat' dir='ltr'><strong>sint</strong></span> <span class='ocrx_word' id='word_1_132' title='bbox 2141 2261 2334 2331; x_wconf 88' lang='lat' dir='ltr'><strong>ultro</strong></span> <span class='ocrx_word' id='word_1_133' title='bbox 2367 2272 2561 2332; x_wconf 87' lang='lat' dir='ltr'><strong>amet</strong></span> <span class='ocrx_word' id='word_1_134' title='bbox 2594 2261 3012 2355; x_wconf 89' lang='lat' dir='ltr'><strong>probetque.</strong></span> 
     </span>
    </p>

    <p class='ocr_par' dir='ltr' id='par_1_6' title="bbox 1015 2374 3135 3746">
     <span class='ocr_line' id='line_1_20' title="bbox 1122 2374 3135 2467; baseline 0.001 -19"><span class='ocrx_word' id='word_1_135' title='bbox 1122 2378 1337 2460; x_wconf 86' lang='lat' dir='ltr'><strong>Quod</strong></span> <span class='ocrx_word' id='word_1_136' title='bbox 1386 2376 1447 2447; x_wconf 88' lang='lat' dir='ltr'><strong>si</strong></span> <span class='ocrx_word' id='word_1_137' title='bbox 1492 2384 1867 2467; x_wconf 88' lang='lat' dir='ltr'><strong>tantopere</strong></span> <span class='ocrx_word' id='word_1_138' title='bbox 1910 2374 2392 2467; x_wconf 85' lang='lat' dir='ltr'><strong>improbitatis</strong></span> <span class='ocrx_word' id='word_1_139' title='bbox 2443 2374 2605 2446; x_wconf 93' lang='lat' dir='ltr'><strong>odio</strong></span> <span class='ocrx_word' id='word_1_140' title='bbox 2655 2385 3013 2461; x_wconf 86' lang='lat' dir='ltr'><strong>tenemur,</strong></span> <span class='ocrx_word' id='word_1_141' title='bbox 3049 2389 3135 2452; x_wconf 88' lang='lat' dir='ltr'><strong>ut</strong></span> 
     </span>
     <span class='ocr_line' id='line_1_21' title="bbox 1019 2490 3134 2586; baseline 0.002 -23"><span class='ocrx_word' id='word_1_142' title='bbox 1019 2516 1354 2585; x_wconf 84' lang='lat' dir='ltr'><strong>personas</strong></span> <span class='ocrx_word' id='word_1_143' title='bbox 1378 2491 1634 2586; x_wconf 88' lang='lat' dir='ltr'><strong>quibus</strong></span> <span class='ocrx_word' id='word_1_144' title='bbox 1656 2491 1780 2562; x_wconf 90' lang='lat' dir='ltr'><strong>isti</strong></span> <span class='ocrx_word' id='word_1_145' title='bbox 1803 2514 2031 2563; x_wconf 90' lang='lat' dir='ltr'><strong>mores</strong></span> <span class='ocrx_word' id='word_1_146' title='bbox 2053 2490 2226 2562; x_wconf 89' lang='lat' dir='ltr'><strong>satis</strong></span> <span class='ocrx_word' id='word_1_147' title='bbox 2247 2491 2683 2563; x_wconf 90' lang='lat' dir='ltr'><strong>conveniunt</strong></span> <span class='ocrx_word' id='word_1_148' title='bbox 2700 2491 2776 2562; x_wconf 89' lang='lat' dir='ltr'><strong>in</strong></span> <span class='ocrx_word' id='word_1_149' title='bbox 2799 2505 3134 2584; x_wconf 83' lang='lat' dir='ltr'><strong>poemate</strong></span> 
     </span>
     <span class='ocr_line' id='line_1_22' title="bbox 1021 2606 3132 2702; baseline 0.001 -25"><span class='ocrx_word' id='word_1_150' title='bbox 1021 2630 1213 2702; x_wconf 86' lang='lat' dir='ltr'><strong>aegre</strong></span> <span class='ocrx_word' id='word_1_151' title='bbox 1268 2606 1650 2699; x_wconf 87' lang='lat' dir='ltr'><strong>patiamur,</strong></span> <span class='ocrx_word' id='word_1_152' title='bbox 1695 2615 2048 2699; x_wconf 89' lang='lat' dir='ltr'><strong>quantum</strong></span> <span class='ocrx_word' id='word_1_153' title='bbox 2109 2629 2154 2675; x_wconf 88' lang='lat' dir='ltr'><strong>a</strong></span> <span class='ocrx_word' id='word_1_154' title='bbox 2197 2628 2368 2676; x_wconf 89' lang='lat' dir='ltr'><strong>vero</strong></span> <span class='ocrx_word' id='word_1_155' title='bbox 2417 2627 2706 2697; x_wconf 82' lang='lat' dir='ltr'><strong>poeseos</strong></span> <span class='ocrx_word' id='word_1_156' title='bbox 2763 2609 3132 2699; x_wconf 75' lang='lat' dir='ltr'><strong>proposito</strong></span> 
     </span>
     <span class='ocr_line' id='line_1_23' title="bbox 1021 2720 3131 2817; baseline -0 -21"><span class='ocrx_word' id='word_1_157' title='bbox 1021 2723 1206 2796; x_wconf 88' lang='lat' dir='ltr'><strong>absit</strong></span> <span class='ocrx_word' id='word_1_158' title='bbox 1237 2721 1445 2795; x_wconf 88' lang='lat' dir='ltr'><strong>facile</strong></span> <span class='ocrx_word' id='word_1_159' title='bbox 1476 2721 1637 2816; x_wconf 91' lang='lat' dir='ltr'><strong>quis</strong></span> <span class='ocrx_word' id='word_1_160' title='bbox 1668 2720 2047 2817; x_wconf 88' lang='lat' dir='ltr'><strong>intelliget,</strong></span> <span class='ocrx_word' id='word_1_161' title='bbox 2074 2721 2466 2793; x_wconf 86' lang='lat' dir='ltr'><strong>sententias</strong></span> <span class='ocrx_word' id='word_1_162' title='bbox 2499 2722 2752 2793; x_wconf 87' lang='lat' dir='ltr'><strong>efferre</strong></span> <span class='ocrx_word' id='word_1_163' title='bbox 2785 2745 2832 2793; x_wconf 90' lang='lat' dir='ltr'><strong>a</strong></span> <span class='ocrx_word' id='word_1_164' title='bbox 2858 2721 3131 2795; x_wconf 80' lang='lat' dir='ltr'><strong>virtute</strong></span> 
     </span>
     <span class='ocr_line' id='line_1_24' title="bbox 1019 2837 3130 2931; baseline -0.001 -18"><span class='ocrx_word' id='word_1_165' title='bbox 1019 2842 1308 2924; x_wconf 85' lang='lat' dir='ltr'><strong>alienaS,</strong></span> <span class='ocrx_word' id='word_1_166' title='bbox 1333 2863 1480 2911; x_wconf 92' lang='lat' dir='ltr'><strong>non</strong></span> <span class='ocrx_word' id='word_1_167' title='bbox 1514 2838 1890 2910; x_wconf 89' lang='lat' dir='ltr'><strong>commotis</strong></span> <span class='ocrx_word' id='word_1_168' title='bbox 1924 2838 2299 2909; x_wconf 86' lang='lat' dir='ltr'><strong>affectibus</strong></span> <span class='ocrx_word' id='word_1_169' title='bbox 2332 2848 2460 2909; x_wconf 88' lang='lat' dir='ltr'><strong>aut</strong></span> <span class='ocrx_word' id='word_1_170' title='bbox 2491 2862 2644 2931; x_wconf 87' lang='lat' dir='ltr'><strong>prae</strong></span> <span class='ocrx_word' id='word_1_171' title='bbox 2680 2837 2905 2909; x_wconf 88' lang='lat' dir='ltr'><strong>nimia</strong></span> <span class='ocrx_word' id='word_1_172' title='bbox 2936 2839 3130 2911; x_wconf 84' lang='lat' dir='ltr'><strong>inter</strong></span> 
     </span>
     <span class='ocr_line' id='line_1_25' title="bbox 1018 2953 3124 3055; baseline -0.001 -26"><span class='ocrx_word' id='word_1_173' title='bbox 1018 2958 1375 3055; x_wconf 88' lang='lat' dir='ltr'><strong>agendum</strong></span> <span class='ocrx_word' id='word_1_174' title='bbox 1404 2955 1822 3050; x_wconf 85' lang='lat' dir='ltr'><strong>cupiditate,</strong></span> <span class='ocrx_word' id='word_1_175' title='bbox 1848 2956 1975 3026; x_wconf 87' lang='lat' dir='ltr'><strong>sed</strong></span> <span class='ocrx_word' id='word_1_176' title='bbox 2007 2953 2213 3048; x_wconf 86' lang='lat' dir='ltr'><strong>quasi</strong></span> <span class='ocrx_word' id='word_1_177' title='bbox 2247 2964 2440 3026; x_wconf 85' lang='lat' dir='ltr'><strong>ortas</strong></span> <span class='ocrx_word' id='word_1_178' title='bbox 2472 2977 2568 3025; x_wconf 85' lang='lat' dir='ltr'><strong>ex</strong></span> <span class='ocrx_word' id='word_1_179' title='bbox 2590 2953 2869 3049; x_wconf 89' lang='lat' dir='ltr'><strong>judicio</strong></span> <span class='ocrx_word' id='word_1_180' title='bbox 2894 2978 2983 3025; x_wconf 90' lang='lat' dir='ltr'><strong>ac</strong></span> <span class='ocrx_word' id='word_1_181' title='bbox 3007 2977 3124 3026; x_wconf 87' lang='lat' dir='ltr'><strong>vo-</strong></span> 
     </span>
     <span class='ocr_line' id='line_1_26' title="bbox 1017 3069 3128 3166; baseline -0.001 -21"><span class='ocrx_word' id='word_1_182' title='bbox 1017 3076 1298 3147; x_wconf 88' lang='lat' dir='ltr'><strong>luntate</strong></span> <span class='ocrx_word' id='word_1_183' title='bbox 1323 3072 1703 3166; x_wconf 75' lang='lat' dir='ltr'><strong>scriptoris,</strong></span> <span class='ocrx_word' id='word_1_184' title='bbox 1776 3071 1939 3141; x_wconf 91' lang='lat' dir='ltr'><strong>Hoc</strong></span> <span class='ocrx_word' id='word_1_185' title='bbox 1964 3080 2210 3141; x_wconf 87' lang='lat' dir='ltr'><strong>autem</strong></span> <span class='ocrx_word' id='word_1_186' title='bbox 2243 3070 2533 3141; x_wconf 86' lang='lat' dir='ltr'><strong>tametsi</strong></span> <span class='ocrx_word' id='word_1_187' title='bbox 2566 3093 2659 3140; x_wconf 91' lang='lat' dir='ltr'><strong>ne</strong></span> <span class='ocrx_word' id='word_1_188' title='bbox 2689 3070 2767 3140; x_wconf 91' lang='lat' dir='ltr'><strong>in</strong></span> <span class='ocrx_word' id='word_1_189' title='bbox 2801 3069 3128 3162; x_wconf 83' lang='lat' dir='ltr'><strong>pessimis</strong></span> 
     </span>
     <span class='ocr_line' id='line_1_27' title="bbox 1018 3185 3127 3284; baseline -0.003 -21"><span class='ocrx_word' id='word_1_190' title='bbox 1018 3191 1364 3284; x_wconf 85' lang='lat' dir='ltr'><strong>exemplis</strong></span> <span class='ocrx_word' id='word_1_191' title='bbox 1397 3191 1524 3261; x_wconf 87' lang='lat' dir='ltr'><strong>fiat</strong></span> <span class='ocrx_word' id='word_1_192' title='bbox 1556 3190 1674 3259; x_wconf 89' lang='lat' dir='ltr'><strong>vel</strong></span> <span class='ocrx_word' id='word_1_193' title='bbox 1707 3186 2106 3284; x_wconf 81' lang='lat' dir='ltr'><strong>communis</strong></span> <span class='ocrx_word' id='word_1_194' title='bbox 2131 3196 2412 3258; x_wconf 86' lang='lat' dir='ltr'><strong>vetaret</strong></span> <span class='ocrx_word' id='word_1_195' title='bbox 2442 3185 2817 3257; x_wconf 91' lang='lat' dir='ltr'><strong>hominum</strong></span> <span class='ocrx_word' id='word_1_196' title='bbox 2852 3210 3127 3270; x_wconf 86' lang='lat' dir='ltr'><strong>sensus,</strong></span> 
     </span>
     <span class='ocr_line' id='line_1_28' title="bbox 1017 3301 3132 3398; baseline -0.001 -21"><span class='ocrx_word' id='word_1_197' title='bbox 1017 3317 1261 3377; x_wconf 88' lang='lat' dir='ltr'><strong>tamen</strong></span> <span class='ocrx_word' id='word_1_198' title='bbox 1311 3306 1401 3377; x_wconf 90' lang='lat' dir='ltr'><strong>ab</strong></span> <span class='ocrx_word' id='word_1_199' title='bbox 1443 3305 1553 3388; x_wconf 81' lang='lat' dir='ltr'><strong>iis,</strong></span> <span class='ocrx_word' id='word_1_200' title='bbox 1587 3326 1765 3397; x_wconf 86' lang='lat' dir='ltr'><strong>quos</strong></span> <span class='ocrx_word' id='word_1_201' title='bbox 1810 3313 2187 3396; x_wconf 86' lang='lat' dir='ltr'><strong>poetarum</strong></span> <span class='ocrx_word' id='word_1_202' title='bbox 2234 3302 2618 3398; x_wconf 83' lang='lat' dir='ltr'><strong>dignamur</strong></span> <span class='ocrx_word' id='word_1_203' title='bbox 2650 3301 2962 3385; x_wconf 91' lang='lat' dir='ltr'><strong>nomine,</strong></span> <span class='ocrx_word' id='word_1_204' title='bbox 2998 3326 3132 3375; x_wconf 81' lang='lat' dir='ltr'><strong>ex-</strong></span> 
     </span>
     <span class='ocr_line' id='line_1_29' title="bbox 1016 3418 3129 3513; baseline 0 -22"><span class='ocrx_word' id='word_1_205' title='bbox 1016 3421 1266 3491; x_wconf 90' lang='lat' dir='ltr'><strong>cidunt</strong></span> <span class='ocrx_word' id='word_1_206' title='bbox 1300 3442 1814 3512; x_wconf 86' lang='lat' dir='ltr'><strong>nonnunquam</strong></span> <span class='ocrx_word' id='word_1_207' title='bbox 1852 3419 2255 3503; x_wconf 86' lang='lat' dir='ltr'><strong>sententiae,</strong></span> <span class='ocrx_word' id='word_1_208' title='bbox 2286 3442 2464 3513; x_wconf 86' lang='lat' dir='ltr'><strong>quas</strong></span> <span class='ocrx_word' id='word_1_209' title='bbox 2500 3441 2714 3489; x_wconf 89' lang='lat' dir='ltr'><strong>nemo</strong></span> <span class='ocrx_word' id='word_1_210' title='bbox 2756 3418 2955 3513; x_wconf 85' lang='lat' dir='ltr'><strong>frugi</strong></span> <span class='ocrx_word' id='word_1_211' title='bbox 2995 3430 3129 3491; x_wconf 83' lang='lat' dir='ltr'><strong>aut</strong></span> 
     </span>
     <span class='ocr_line' id='line_1_30' title="bbox 1015 3533 3128 3629; baseline -0.002 -20"><span class='ocrx_word' id='word_1_212' title='bbox 1015 3537 1287 3609; x_wconf 86' lang='lat' dir='ltr'><strong>sobrius</strong></span> <span class='ocrx_word' id='word_1_213' title='bbox 1354 3535 1866 3629; x_wconf 87' lang='lat' dir='ltr'><strong>comprobaret.</strong></span> <span class='ocrx_word' id='word_1_214' title='bbox 1970 3536 2299 3629; x_wconf 85' lang='lat' dir='ltr'><strong>Ecquem</strong></span> <span class='ocrx_word' id='word_1_215' title='bbox 2367 3536 2558 3607; x_wconf 91' lang='lat' dir='ltr'><strong>enim</strong></span> <span class='ocrx_word' id='word_1_216' title='bbox 2627 3536 2924 3628; x_wconf 87' lang='lat' dir='ltr'><strong>querula</strong></span> <span class='ocrx_word' id='word_1_217' title='bbox 2983 3533 3128 3605; x_wconf 83' lang='lat' dir='ltr'><strong>ista</strong></span> 
     </span>
     <span class='ocr_line' id='line_1_31' title="bbox 1017 3651 1836 3746; baseline -0.004 -21"><span class='ocrx_word' id='word_1_218' title='bbox 1017 3651 1384 3746; x_wconf 89' lang='lat' dir='ltr'><strong>Posidippi</strong></span> <span class='ocrx_word' id='word_1_219' title='bbox 1419 3652 1779 3724; x_wconf 89' lang='lat' dir='ltr'><strong>delectant</strong></span> <span class='ocrx_word' id='word_1_220' title='bbox 1800 3652 1836 3722; x_wconf 73' lang='grc' dir='ltr'><strong>ἶ)</strong></span> 
     </span>
    </p>
   </div>
   <div class='ocr_carea' id='block_1_5' title="bbox 1171 3794 2640 3984">
    <p class='ocr_par' dir='ltr' id='par_1_7' title="bbox 1171 3794 2640 3984">
     <span class='ocr_line' id='line_1_32' title="bbox 1171 3794 2640 3883; baseline -0.005 -19"><span class='ocrx_word' id='word_1_221' title='bbox 1171 3796 1294 3864; x_wconf 75' lang='grc' dir='ltr'><strong>Ἷ-Ιν</strong></span> <span class='ocrx_word' id='word_1_222' title='bbox 1319 3797 1432 3882; x_wconf 76' lang='grc' dir='ltr'><strong>ἄρα</strong></span> <span class='ocrx_word' id='word_1_223' title='bbox 1458 3801 1627 3863; x_wconf 82' lang='grc' dir='ltr'><strong><em>τοῖνδε</em></strong></span> <span class='ocrx_word' id='word_1_224' title='bbox 1659 3801 1796 3861; x_wconf 89' lang='grc' dir='ltr'><strong><em>δυοῖν</em></strong></span> <span class='ocrx_word' id='word_1_225' title='bbox 1826 3798 1935 3871; x_wconf 75' lang='grc' dir='ltr'><strong><em>ἑνὸς</em></strong></span> <span class='ocrx_word' id='word_1_226' title='bbox 1968 3796 2196 3883; x_wconf 74' lang='grc' dir='ltr'><strong>αἵρεσις,</strong></span> <span class='ocrx_word' id='word_1_227' title='bbox 2226 3794 2257 3874; x_wconf 78' lang='grc' dir='ltr'>ἢ</span> <span class='ocrx_word' id='word_1_228' title='bbox 2290 3798 2356 3859; x_wconf 80' lang='grc' dir='ltr'><strong>τὸ</strong></span> <span class='ocrx_word' id='word_1_229' title='bbox 2385 3796 2640 3882; x_wconf 75' lang='grc' dir='ltr'><strong><em>γενέσθαι</em></strong></span> 
     </span>
     <span class='ocr_line' id='line_1_33' title="bbox 1354 3897 2627 3984; baseline -0.002 -19"><span class='ocrx_word' id='word_1_230' title='bbox 1354 3899 1662 3980; x_wconf 68' lang='grc' dir='ltr'><strong><em>Μηδὲ-ποτ’,</em></strong></span> <span class='ocrx_word' id='word_1_231' title='bbox 1693 3899 1724 3977; x_wconf 75' lang='grc' dir='ltr'>ἢ</span> <span class='ocrx_word' id='word_1_232' title='bbox 1752 3900 1815 3963; x_wconf 82' lang='grc' dir='ltr'><strong>τὸ</strong></span> <span class='ocrx_word' id='word_1_233' title='bbox 1847 3900 2017 3984; x_wconf 79' lang='grc' dir='ltr'><strong><em>θανεῖν</em></strong></span> <span class='ocrx_word' id='word_1_234' title='bbox 2046 3897 2258 3962; x_wconf 77' lang='grc' dir='ltr'><strong><em>αὐτίκα</em></strong></span> <span class='ocrx_word' id='word_1_235' title='bbox 2285 3898 2627 3983; x_wconf 75' lang='grc' dir='ltr'><strong><em>τικτόμενον.</em></strong></span> 
     </span>
    </p>
   </div>
   <div class='ocr_carea' id='block_1_6' title="bbox 1913 4002 3027 4087">
    <p class='ocr_par' dir='ltr' id='par_1_8' title="bbox 1913 4002 3027 4087">
     <span class='ocr_line' id='line_1_34' title="bbox 1913 4002 3027 4087; baseline -0.001 -23"><span class='ocrx_word' id='word_1_236' title='bbox 1913 4002 2222 4065; x_wconf 70' lang='grc' dir='ltr'><strong>ΒιωΝοι.</strong></span> <span class='ocrx_word' id='word_1_237' title='bbox 2256 4002 2501 4067; x_wconf 72' lang='lat' dir='ltr'><strong>Gnou.</strong></span> <span class='ocrx_word' id='word_1_238' title='bbox 2536 4003 2752 4066; x_wconf 56' lang='lat' dir='ltr'><strong>Poma</strong></span> <span class='ocrx_word' id='word_1_239' title='bbox 2783 4022 2852 4087; x_wconf 85' lang='lat' dir='ltr'><strong>p.</strong></span> <span class='ocrx_word' id='word_1_240' title='bbox 2880 4002 3027 4065; x_wconf 80' lang='lat'>135.</span> 
     </span>
    </p>
   </div>
   <div class='ocr_carea' id='block_1_7' title="bbox 804 4990 3358 5575">
    <p class='ocr_par' dir='ltr' id='par_1_9' title="bbox 804 4990 3358 5575">
     <span class='ocr_line' id='line_1_35' title="bbox 804 4990 3358 5575; baseline 0 0"><span class='ocrx_word' id='word_1_241' title='bbox 804 4990 3358 5575; x_wconf 95' lang='lat' dir='ltr'><strong> </strong></span> 
     </span>
    </p>
   </div>
  </div>
 </body>
</html>
