3559 5575
487 613 509 653 x
638 589 1041 678 PRAELEQTIONUM
1064 588 1391 656 ARGUMENTA.

792 810 1040 872 PRAELECTIO
1061 812 1229 875 QUINTA.

486 930 553 994 Res
580 927 704 1017 copiose
731 942 763 993 et
787 928 999 1017 particulatim
1023 931 1161 996 enarrari
1189 931 1349 997 interdum
1373 947 1536 1021 oportere:

528 1031 702 1121 praesertim
717 1032 742 1096 si
755 1032 797 1097 ad
811 1054 963 1120 magnum
977 1032 1107 1120 aliquod
1121 1047 1262 1098 struatur
1275 1035 1336 1099 via.
1384 1034 1537 1124 Volupta-

530 1149 593 1200 tem
609 1150 714 1199 tamen
728 1134 801 1199 inde
815 1149 917 1200 ortam
931 1157 1046 1222 parum
1060 1158 1100 1199 ex
1116 1135 1298 1201 Imitatione
1312 1137 1460 1225 pendere.
1496 1140 1538 1204 In

529 1238 746 1303 Extemorum
767 1237 948 1303 Imitatione
969 1240 1116 1325 (excepto
1133 1238 1280 1326 Virgilio)
1301 1240 1453 1306 excellere
1474 1265 1538 1307 non

530 1362 668 1405 summos
682 1355 801 1429 poetas,
817 1340 872 1405 sed
887 1340 1017 1405 summis
1030 1339 1201 1429 proximos.
1432 1366 1465 1431 p.
1481 1347 1536 1415 09.

811 1564 1056 1623 PRAELECTIO
1077 1564 1217 1624 SEXTA.

486 1686 625 1752 Picturae
639 1684 812 1773 plurimum
827 1683 972 1749 debuisse
983 1683 1143 1750 Poeticam
1154 1684 1384 1771 artem-quod
1395 1685 1428 1749 in
1438 1686 1539 1774 poetis

529 1788 753 1855 recentioribus
777 1786 974 1874 potissimum
996 1786 1144 1851 cemitur.
1189 1787 1237 1851 Hi
1257 1785 1444 1876 plerumque
1464 1813 1539 1855 ocu-

529 1892 633 1957 lorum
649 1887 804 1978 voluptati
822 1888 960 1953 student.
1005 1889 1129 1967 Quoia
1148 1912 1262 1977 genere
1281 1889 1354 1977 plus
1371 1914 1454 1980 saepe
1475 1892 1539 1957 effi-

530 1994 613 2059 citur
627 1992 785 2081 singulsre
798 1991 952 2080 quiddam
966 1991 1157 2079 proferendo
1173 2015 1271 2080 quam
1289 1993 1401 2059 multa.
1447 1994 1538 2059 Idem

530 2098 596 2163 fere
610 2096 731 2163 obtinet
745 2096 778 2160 in
793 2094 922 2184 reliquis
941 2106 1064 2161 naturoe
1082 2095 1226 2183 putibus
1244 2096 1539 2163 describendis-ad

530 2223 611 2289 quas
624 2200 661 2265 fit
676 2198 833 2265 transitus.
1437 2221 1470 2286 p.
1486 2200 1537 2266 75.

785 2406 1034 2467 PRAEan'rro
1055 2407 1238 2467 SEPTIMA.

489 2510 608 2575 Petitas
622 2532 664 2574 ex
679 2531 752 2573 rure
766 2509 918 2597 imagines
931 2509 1103 2574 admodum
1118 2533 1184 2575 esse
1193 2508 1361 2598 jucundas.
1401 2511 1442 2573 In
1456 2508 1540 2575 hisce

531 2612 701 2678 tractandis
721 2626 830 2700 poetas
852 2612 988 2678 minores
1008 2635 1071 2678 non
1093 2636 1166 2677 raro
1187 2611 1345 2677 excellere.
1391 2612 1470 2677 Acri
1490 2626 1539 2677 ta·

530 2738 602 2780 men
617 2739 698 2804 opus
712 2739 778 2779 esse
791 2716 1007 2780 observatione
1021 2730 1059 2780 ut
1072 2729 1194 2780 naturae
1207 2716 1322 2779 veritas
1335 2713 1538 2802 exprimatur.

532 2819 674 2899 Quoestio
702 2818 813 2896 oritur,
840 2841 881 2882 an
906 2819 988 2883 hanc
1017 2833 1139 2883 naturae
1163 2832 1284 2906 partem
1309 2818 1428 2883 nescire
1449 2816 1539 2883 liceat

530 2935 641 3008 poetae.
688 2918 842 2984 Nonnulli
863 2920 898 2983 in
918 2919 979 2984 hoc
998 2942 1112 3006 genere
1132 2919 1389 3009 perstringuntur
1409 2943 1539 3000 errores,

532 3023 649 3110 quibus
662 3045 724 3088 non
740 3021 965 3110 ignoscendum
979 3021 1114 3088 videtur.
1437 3047 1469 3112 p.
1484 3026 1539 3094 90.

799 3230 1044 3290 PRAELECTIO
1065 3231 1234 3290 OCTAVA.

490 3331 542 3396 De
557 3329 738 3396 Imitatione
752 3333 885 3396 Momm
901 3331 1035 3419 quaestio
1053 3331 1095 3396 ad
1114 3331 1258 3418 proprios
1275 3331 1353 3395 fines
1373 3329 1539 3417 redigitur.

534 3435 575 3498 In
600 3433 758 3499 communi
785 3434 858 3499 vitae
883 3433 1108 3499 consuetudine
1133 3433 1307 3512 referenda,
1331 3433 1411 3521 quid
1432 3432 1542 3497 doeeat

533 3536 665 3619 dictum,
679 3537 757 3626 quid
772 3561 847 3618 non,
857 3537 1038 3624 inquiritur.
1073 3538 1159 3601 Tum
1173 3536 1214 3601 ad
1230 3559 1331 3601 mores
1345 3535 1541 3623 singularum

533 3645 661 3706 aetatula
678 3641 714 3705 fit
729 3640 896 3705 transitus:
920 3638 1033 3726 primo,
1047 3638 1226 3709 infantium.
1413 3660 1447 3725 p.
1462 3635 1539 3702 106.

816 3845 1064 3905 PRAELECTIO
1085 3845 1213 3903 NONA.

490 3951 543 4015 De
564 3951 693 4014 Morum
718 3949 898 4015 Imitatione
919 3949 1089 4013 resumitur
1114 3949 1435 4037 questio-scenicos
1460 3973 1542 4037 pras-

534 4051 640 4117 sertim
667 4052 831 4139 scriptores
846 4051 940 4116 ,adire
961 4053 1180 4139 oportet-De
1200 4050 1352 4115 Terentio
1372 4065 1405 4115 et
1425 4050 1541 4118 Plauto

529 4154 685 4244 judicium
699 4155 809 4219 fertur.
856 4157 890 4218 A
905 4155 1123 4218 Personarum
1137 4153 1310 4219 imitatione
1327 4152 1478 4218 transitur
1498 4153 1541 4220 ad

533 4279 644 4324 ammas
659 4260 848 4346 tfflctoaqoe
861 4259 964 4320 animi
978 4257 1168 4337 sabtiliores,
1182 4256 1239 4344 qui
1253 4279 1312 4344 pro
1330 4279 1365 4320 re
1385 4271 1460 4321 nata
1480 4256 1542 4322 ori·

535 4373 640 4425 untur.
686 4359 807 4424 Eadem
832 4359 931 4423 lerme
955 4357 987 4422 in
1012 4357 1062 4421 his
1092 4357 1262 4423 tractandis
1285 4357 1465 4423 adhibenda
1492 4371 1541 4421 est

533 4461 648 4538 cautio,
663 4485 736 4550 quae
750 4463 781 4528 in
796 4463 1018 4528 Ecetranorum
1032 4459 1248 4548 descriptione.
1423 4482 1454 4546 p.
1466 4460 1539 4522 120.
