3559 5575
312 101 563 164 Pam„
592 99 954 165 XXVIII.
1043 101 1172 165 DE
1221 101 1803 166 PHANTASIA.
2327 103 2459 172 367

510 273 757 358 Ὀςῶντι
791 275 1210 336 ΛΑΜΠΡΟΝ
1241 276 1355 336 ΕΝ
1387 271 1681 359 §Rom
1706 274 2097 337 ΝΩΜΩΝΤ
2128 277 2434 338 ΟΦΡΥΝ.

1866 376 2180 439 Cnosius.
2214 379 2369 441 283.

434 514 829 607 Complura
879 537 973 585 ex
1022 513 1332 609 Virgilio
1382 513 1537 606 pari
1590 513 1893 584 artificio
1952 514 2461 585 commendata

306 630 543 701 facile
589 630 852 701 adferri
897 642 1209 723 possent,
1250 631 1375 701 ubi
1427 631 1520 702 ad
1575 641 1891 701 mentem
1943 630 2229 702 lectoris
2273 631 2457 702 refe-

310 758 596 818 runtur
645 747 913 829 omnia,
964 770 1055 818 ne
1107 771 1254 817 una
1302 746 1596 840 quidem
1648 771 1727 818 re
1773 758 2019 840 aperte
2070 749 2452 840 patefacta.

315 863 589 944 Qualis
623 872 735 932 est
767 860 1030 934 Alecto
1060 861 1187 932 illa
1219 862 1293 932 in
1334 862 1571 934 Turni
1604 862 1903 934 somnio.

513 1037 856 1125 Diriguere
886 1036 1087 1102 oculi:
1137 1051 1232 1102 tot
1263 1038 1546 1126 Erinnys
1576 1037 1784 1102 sibilat
1812 1037 2057 1126 hydris,

522 1141 864 1227 Tantaque
891 1143 1186 1226 sesacies
1214 1143 1449 1228 aperit.

315 1316 616 1388 Vellem
652 1316 896 1400 etiam,
931 1328 1278 1411 tanquam
1323 1319 1497 1391 artis
1543 1320 1735 1392 illius
1782 1344 1927 1414 qua
1975 1321 2286 1394 insolitae
2331 1323 2456 1394 ad-

317 1433 765 1504 umbrentur
805 1434 1075 1525 species
1110 1434 1481 1530 egregium
1518 1438 1911 1529 exemplar,
1947 1437 2265 1529 proferre
2297 1462 2455 1509 ver-

324 1572 457 1619 sus
491 1548 764 1643 aliquot
796 1572 892 1621 ex
927 1550 1332 1621 Inferorum
1368 1551 1884 1644 descriptione3
1934 1553 2220 1647 quibuS,
2249 1553 2310 1624 si
2344 1566 2453 1626 at-

323 1663 608 1734 tentius
642 1664 802 1757 quis
836 1664 1168 1736 advertat
1202 1666 1548 1750 animum,
1581 1667 1943 1760 praecipue
1987 1667 2220 1740 inesse
2265 1670 2452 1740 hanc

327 1780 429 1852 de
463 1804 609 1874 qua
638 1781 1004 1874 loquimur
1038 1781 1382 1854 virtutem
1418 1783 1613 1854 haud
1648 1784 1863 1856 dubie
1897 1786 2294 1877 apparebit.

511 1955 908 2022 Vestibulum
938 1971 1083 2022 ante
1114 1956 1323 2044 ipsum
1353 1957 1700 2045 primisque
1728 1959 1792 2022 in
1822 1959 2114 2023 faucibus
2145 1960 2318 2039 Orci,

511 2060 760 2124 Luctus
788 2072 854 2123 et
883 2059 1136 2128 ultrices
1166 2083 1432 2148 posuere
1460 2060 1694 2125 cubilia
1720 2083 1926 2124 curoe:

512 2160 955 2248 Pallentesque
982 2161 1270 2227 habitant
1302 2162 1543 2241 Morbi,
1578 2162 1897 2248 tristisque
1930 2164 2253 2242 SenectuS,

508 2263 603 2330 Et
633 2266 878 2342 Metus,
906 2279 972 2329 et
999 2264 1362 2328 malesuada
1392 2266 1642 2343 Fames,
1674 2277 1739 2328 et
1769 2264 1976 2352 turpis
2006 2266 2295 2352 Egestas,

508 2365 846 2431 Terribiles
874 2366 1011 2430 visu
1043 2365 1302 2439 formoe;
1354 2367 1741 2453 Letumque,
1774 2366 2143 2454 Laborque,

507 2468 677 2533 Tum
706 2468 1210 2556 consanguineus
1238 2467 1390 2533 Leti
1421 2470 1645 2556 Sopor,
1676 2482 1741 2533 et
1769 2467 1936 2534 mala
1962 2470 2189 2536 mentis

511 2571 787 2649 Gaudia,
818 2572 1343 2659 mortiferumque
1371 2572 1637 2636 adverso
1663 2572 1730 2636 in
1759 2571 1973 2638 limine
1994 2573 2271 2652 Bellum,

506 2674 851 2763 Feri-eique
880 2672 1315 2740 Eumenidum
1347 2673 1626 2755 thalami,
1653 2688 1719 2740 et
1748 2675 2082 2741 Discordia
2109 2676 2386 2755 demens,

508 2775 846 2865 Vipereum
875 2776 1108 2841 crinem
1139 2775 1312 2842 vittis
1339 2775 1570 2841 innexa
1595 2776 1889 2843 cruentis.

508 2881 590 2943 In
622 2878 830 2943 medio
857 2902 1063 2943 ramos
1092 2901 1453 2966 annosaque
1481 2879 1739 2943 brachia
1768 2879 1992 2966 pandit

507 2979 746 3045 Ulmus
774 3003 988 3067 opaca,
1019 2981 1276 3067 ingens:
1325 3002 1518 3068 quam
1548 2980 1758 3045 sedem
1793 2981 2050 3045 Somnia
2078 2979 2273 3068 vulgo

507 3084 689 3148 Vana
718 3096 927 3146 tenere
957 3083 1194 3159 serunt,
1218 3080 1509 3167 foliisque
1538 3083 1658 3146 sub
1688 3082 1982 3146 omnibus
2011 3082 2269 3146 haerent.

507 3184 811 3251 Centauri
842 3184 906 3248 in
937 3183 1182 3248 foribus
1208 3181 1550 3261 stabulant,
1586 3182 1941 3272 Scyllaeque
1969 3183 2290 3262 biformes,

505 3290 600 3353 Et
626 3285 1173 3375 centumgeminus
1202 3285 1520 3364 Briareus,
1551 3287 1625 3350 ac
1653 3285 1867 3351 bellua
1896 3288 2128 3351 Lernae

506 3392 920 3457 Hori-endum
953 3388 1242 3468 stridenS,
1274 3388 1670 3477 flammisque
1699 3404 1940 3456 armata
1970 3390 2323 3457 Chimoera':

509 3497 860 3583 Gorgones,
895 3492 1356 3582 Harpyiaeque,
1387 3506 1450 3556 et
1478 3492 1684 3558 forma
1713 3493 2073 3660 ιτὶοοῖἘροι-ἱε
2103 3496 2364 3563 umbrae.

1950 3618 2018 3661 N.
2053 3597 2166 3662 v1.
2199 3600 2351 3666 273.

339 3753 591 3847 Neque
642 3752 950 3823 minores
1000 3751 1277 3823 interea
1321 3750 1590 3836 Poetae,
1636 3750 1892 3821 Silium
1945 3750 2107 3822 dico
2157 3761 2231 3823 et
2280 3753 2442 3823 Sta-

338 3866 540 3951 tium,
575 3867 922 3960 exemplis
957 3876 1227 3952 carent,
1262 3888 1428 3960 quae
1460 3866 1537 3936 in
1571 3865 1935 3938 miraculis
1973 3888 2211 3937 rerum
2260 3866 2441 3935 refe-
2580 3872 2591 3887 “

340 3984 572 4055 tendis
619 3983 712 4054 ex'
760 3983 1194 4054 obscuritate
1240 3982 1359 4053 eos
1394 3981 1540 4051 vim
1583 3981 1896 4074 aliquam
1948 3981 2235 4074 petiisse
2269 3976 2440 4047 satis
