3559 5575
445 519 488 584 40
813 519 935 584 PARS
960 517 1120 584 PRIMA
1294 517 1411 582 Pur..
1426 517 1503 582 111.

444 718 486 768 ac
503 692 629 785 peritae
646 691 858 765 imitationis
875 695 964 764 laus.
1002 691 1101 763 Hinc
1117 691 1169 774 lit,
1187 702 1320 786 atquo
1335 691 1502 763 solertius

443 809 481 878 in
500 809 555 878 his
572 831 610 878 se
627 817 793 878 exerceat
811 808 936 891 Poeta,
950 809 1017 879 hoc
1033 808 1207 900 pictorem
1225 831 1309 879 eum
1326 818 1505 900 praestan·

445 925 573 995 tiorem
591 923 709 994 dicere
726 926 898 995 solemus:
922 948 994 1017 quo
1007 924 1117 997 etiam
1134 924 1281 996 nomine
1299 925 1500 996 Homerum

445 1039 625 1110 collaudat
642 1039 834 1124 Lucienus,
853 1037 903 1110 τὸν
922 1039 1044 1138 ἄριστον
1059 1047 1115 1110 τῶν
1130 1039 1290 1136 γραφέων·
1305 1041 1500 1132 appellans,

444 1154 625 1248 praeoipue
652 1179 737 1226 vero
764 1155 1033 1248 disciplinarum
1060 1155 1222 1226 omnium
1251 1154 1502 1249 sagacissimus

445 1270 680 1366 investigator
696 1271 842 1352 Cicero;
868 1272 928 1342 cui
945 1281 1050 1344 tante
1066 1273 1145 1343 haec
1162 1271 1352 1342 videbatur
1368 1271 1500 1341 summi

447 1385 572 1460 Poetae
596 1387 760 1471 facultas,
786 1397 829 1458 ut
850 1389 991 1460 caeteris
1011 1388 1178 1460 omnibus
1204 1387 1417 1480 posthabitis
1443 1387 1501 1458 vel

446 1503 566 1598 potius
591 1504 740 1587 omissis,
765 1513 955 1598 postquem
973 1505 1192 1574 “Pictorum
1209 1505 1288 1597 ejus
1312 1525 1385 1573 non
1412 1503 1503 1575 Poe*

447 1629 470 1662 ‘⁸
487 1619 574 1691 sim”
592 1643 657 1692 nos
672 1621 793 1692 videre
811 1621 1053 1706 affirmaverit,
1069 1619 1108 1690 in
1134 1623 1214 1691 haec
1229 1619 1377 1691 tandem
1394 1619 1501 1690 ruha
1529 1673 1536 1681 .

425 1735 668 1828 prorumpit:
695 1735 822 1817 “Quae
845 1736 955 1830 regio,
980 1758 1063 1828 quae
1089 1759 1163 1818 ora,
1186 1734 1249 1828 qui
1274 1735 1375 1805 locus
1400 1733 1503 1803 Grae-

448 1856 470 1890 “
488 1849 566 1934 cite,
584 1872 666 1942 quae
682 1849 816 1940 species
834 1873 876 1920 ac
892 1849 1008 1920 forma
1024 1872 1169 1944 pugnoe,
1182 1871 1266 1942 quae
1282 1848 1388 1930 acies,
1405 1847 1501 1941 quod

449 1973 470 2006 ‘⁶
488 1963 690 2059 remigium,
707 1964 770 2057 qui
797 1977 915 2036 motus
940 1966 1139 2048 hominum,
1157 1965 1221 2058 qui
1244 1966 1403 2036 ferarum
1432 1986 1503 2034 nou

449 2091 472 2123 ‘⁶
489 2077 543 2150 ito
568 2076 737 2174 expictur
760 2087 827 2163 eet,
844 2091 886 2152 ut
906 2105 989 2175 quae
1013 2082 1090 2174 ipse
1115 2104 1187 2152 non
1211 2081 1355 2166 viderit,
1369 2103 1436 2150 nos
1461 2087 1504 2150 ut

451 2205 472 2238 ‘⁶
490 2195 691 2266 videremus
708 2195 865 2267 effecerit
876 2197 915 2267 ?”
938 2195 1050 2268 Taso.
1069 2221 1103 2267 v.
1122 2203 1181 2276 39.

502 2311 680 2394 Quoniam
707 2335 790 2383 vero
814 2314 881 2384 hoc
905 2313 944 2383 in
967 2315 1045 2384 loco
1069 2313 1241 2405 disputet,
1263 2311 1309 2382 de
1331 2311 1503 2383 caecitatis

451 2427 697 2513 incommodis,
714 2452 796 2523 quae
819 2429 907 2501 totis
924 2428 1057 2500 viribus
1080 2440 1277 2500 extenuare
1302 2451 1345 2497 ac
1367 2427 1506 2498 diluere

452 2556 614 2631 conatur,
631 2557 686 2618 eat
711 2545 847 2640 aliquid
869 2555 966 2617 certe
991 2545 1150 2617 dandum
1176 2543 1322 2639 ingenio
1343 2543 1504 2626 oratoris,

452 2660 571 2746 nimis,
588 2670 629 2732 ut
646 2663 698 2742 fit,
716 2661 749 2732 ei
766 2661 863 2754 quod
884 2662 923 2731 in
941 2661 1105 2732 manibus
1120 2671 1176 2756 est
1192 2659 1378 2731 tribuenti.
1430 2660 1505 2730 Ne·

453 2800 523 2870 que
540 2800 624 2848 sane
642 2776 853 2847 crediderim
871 2777 1081 2849 Ciceronem
1107 2778 1187 2848 haec
1211 2775 1382 2847 maximae
1406 2775 1507 2848 laudi

454 2892 615 2963 Homero
632 2891 807 2974 habuisse,
817 2916 900 2986 quae
917 2893 1008 2964 nihil
1024 2894 1232 2977 affectuum,
1246 2892 1337 2963 nihil
1353 2915 1505 2975 morum,

451 3007 554 3089 nihil,
571 3017 612 3077 ut
629 3029 712 3076 cum
729 3004 925 3079 Aristotele
949 3010 1086 3102 loquar,
1101 3019 1166 3080 aut
1188 3004 1286 3095 ἦθικόν
1307 3017 1371 3079 aut
1389 3008 1508 3095 tamon·

453 3118 535 3195 τικόν
555 3122 592 3193 in
619 3146 656 3192 se
681 3121 917 3195 continerent.
970 3122 1149 3220 M'agnum
1175 3125 1425 3216 proculdubio
1440 3133 1506 3206 est,

455 3239 552 3331 quod
578 3241 655 3332 ejus
682 3239 841 3311 carmina
866 3240 1045 3333 picturam
1074 3262 1147 3311 non
1174 3241 1310 3333 poesim
1337 3242 1506 3333 appellat.

455 3354 592 3436 Quare
609 3355 697 3427 satis
711 3356 868 3427 ostendit
885 3357 1140 3450 descriptiones
1162 3356 1262 3440 istos,
1279 3380 1343 3428 sua
1360 3354 1506 3450 quidem

455 3472 644 3556 sententia,
662 3483 699 3545 et
725 3472 964 3565 pulcherrime
986 3496 1062 3544 esee
1084 3473 1265 3555 confictas,
1281 3483 1320 3543 et
1344 3471 1508 3563 proxime

456 3587 502 3659 ad
528 3600 694 3661 naturam
721 3590 909 3662 accedere:
936 3612 1052 3682 neque
1079 3612 1118 3660 se
1142 3598 1220 3660 tam
1246 3587 1362 3659 teneri
1386 3608 1509 3659 reram

454 3701 613 3793 ipsarum
631 3727 719 3796 quas
736 3704 899 3798 depingit
915 3714 1115 3787 venustate,
1132 3727 1241 3799 quam
1259 3703 1430 3774 eximiam
1453 3725 1513 3775 ar·

455 3826 530 3887 tem
550 3817 674 3889 Poetae
691 3816 870 3889 admirari.

508 3932 601 4003 Haec
617 3942 739 4003 autem
757 3933 810 4004 vis
823 3956 932 4027 quam
950 3934 1103 4032 ἐνάργειαν
1115 3946 1255 4019 vocant,
1266 3934 1413 4007 temetsi
1428 3956 1510 4005 eam

456 4048 635 4121 efficacem
662 4050 820 4122 maxime
845 4060 882 4121 et
908 4053 1116 4144 praeclaram
1142 4076 1218 4124 esse
1240 4051 1444 4123 existimem
1470 4060 1511 4121 et

456 4190 520 4261 per
537 4177 654 4239 totum
671 4168 845 4260 poematis
863 4192 990 4262 corpus
1014 4179 1187 4263 tanquam
1212 4168 1424 4263 sanguninem
1440 4166 1512 4239 dil·

707 4414 833 4481 ³Etetuec
848 4434 873 4471 ν.
889 4433 916 4472 a.
932 4435 961 4492 p.
976 4414 1046 4487 466.
1061 4412 1128 4472 edit.
1145 4412 1259 4471 Hemst.
