3559 5575
114 4142 175 4272 x

114 4385 350 4722 sn

423 41 429 52 ’
504 89 571 150 ur
833 83 956 148 runs
979 83 1169 148 nanum
1251 84 1366 148 rur.
1380 85 1558 150 xxxiv.

503 257 698 352 improbari
713 257 854 329 debeat.
903 256 971 328 Cui
988 255 1084 327 enim
1101 279 1174 328 non
1192 255 1340 327 Pindari
1357 258 1559 330 errabunda

504 375 667 469 vestigia,
683 384 722 445 et
738 396 863 443 cursus
879 373 1005 467 longas
1023 395 1087 464 per
1103 373 1271 466 ambages
1291 383 1475 464 peractus,
1491 397 1557 444 non

502 487 694 582 aliquando
719 486 827 559 bilem
854 487 1029 560 movent?
1056 487 1153 570 Quin
1172 487 1343 558 dissoluta
1358 487 1423 558 illa
1441 489 1557 558 rerum

501 627 550 675 ex
566 603 761 698 longinquo
778 602 1013 696 quaesitarum
1032 603 1168 674 mentio
1184 603 1274 674 adeo
1290 625 1363 674 non
1375 603 1556 676 facilitatis

502 719 656 811 speciem
673 717 804 799 induit,
822 728 864 787 ut
881 735 977 809 saepe
994 717 1086 788 dura
1102 718 1222 809 potius
1239 729 1277 789 et
1289 731 1413 789 coacta
1432 721 1555 791 merito

502 836 687 905 habeatur.
738 835 912 904 Sumatur
936 833 1054 917 modo,
1076 833 1234 925 exempli
1255 857 1374 920 causa,
1390 835 1554 905 carminis

502 949 598 1020 illius
612 948 737 1041 Pythii
754 948 791 1017 in
808 946 976 1018 Hieronis
993 947 1117 1020 laudes
1135 948 1278 1020 conficti
1292 961 1553 1043 argumentum,

504 1067 609 1159 quale
626 1067 672 1136 ab
688 1063 830 1134 erudito
845 1062 990 1134 homine
1001 1074 1017 1107 ⁸
1033 1064 1286 1135 concinnatum
1304 1065 1490 1135 habemus.

555 1179 739 1250 “Laudes
761 1177 928 1249 carminis
952 1178 1005 1248 ita
1024 1177 1186 1261 adornat,
1204 1190 1246 1250 ut
1262 1175 1357 1271 lyrae
1373 1191 1551 1271 potentem

504 1306 527 1338 “
544 1295 616 1364 vim
635 1306 672 1366 ct
689 1293 881 1366 efficaciam
898 1293 936 1362 in
954 1293 1031 1384 ipso
1049 1293 1206 1385 Olympo
1223 1293 1402 1376 declarem
1420 1319 1489 1366 nec
1504 1320 1552 1367 rc·

503 1411 667 1504 “fugere
684 1410 762 1502 ejus
778 1407 1003 1478 dulcedinem
1016 1406 1086 1478 nisi
1099 1404 1321 1502 impios-in
1334 1406 1473 1502 quibus
1484 1411 1551 1502 'l'y-

502 1533 526 1567 “
542 1521 781 1616 phoeus-cui
796 1523 908 1593 AEtna
924 1522 1092 1614 imposita
1115 1524 1268 1594 est-ad
1293 1523 1401 1616 ij
1427 1526 1550 1596 montis

503 1651 525 1682 ‘⁸
542 1639 679 1710 radices
695 1660 788 1710 novo
806 1639 890 1709 urbs
904 1637 1014 1708 AEtua
1028 1637 1173 1708 condita
1189 1638 1426 1730 erat—cujus
1443 1641 1549 1712 civem

501 1762 525 1796 ⁴‘
542 1778 580 1826 se
596 1777 661 1846 per
676 1775 877 1845 praeconem
896 1753 1121 1844 pronuntiari
1132 1755 1289 1848 jusserat
1308 1755 1454 1826 Hier0.”

554 1869 664 1940 Hunc
681 1869 803 1961 procul
820 1867 930 1938 dubio
946 1868 992 1938 ad
1007 1891 1142 1939 morem
1158 1869 1254 1939 mille
1267 1869 1388 1940 animo
1402 1871 1550 1940 subeunt

502 1996 715 2077 conceptus:
733 2007 849 2077 neque
864 1982 895 2052 si
911 1982 1020 2054 tacite
1038 1983 1237 2055 meditandi
1254 1985 1435 2076 specimen
1452 1985 1549 2056 edere

502 2102 582 2194 quis
599 2102 717 2182 vellet,
740 2097 907 2170 disertius
929 2098 1126 2192 quidquam
1152 2110 1217 2170 aut
1242 2109 1383 2170 naturae
1411 2100 1548 2191 propius

502 2215 621 2288 efferri
638 2239 738 2308 posse
755 2214 921 2285 dixerim.
967 2213 1021 2285 At
1040 2223 1198 2284 mentem
1216 2215 1362 2285 alterius
1380 2215 1410 2285 si
1428 2215 1547 2286 vellem

501 2332 628 2402 eodem
653 2354 690 2402 se
717 2341 815 2401 motu
840 2329 1017 2400 delectare
1040 2353 1111 2422 quo
1130 2329 1206 2421 ipse
1226 2330 1335 2411 fruor,
1353 2331 1425 2400 alia
1451 2331 1546 2422 plane

500 2444 722 2515 instituenda
738 2455 793 2515 est
809 2443 878 2514 via.
931 2443 1059 2535 Neque
1076 2443 1172 2514 enim
1190 2444 1287 2537 quod
1303 2445 1451 2514 fortuna
1467 2437 1548 2512 midi

500 2558 682 2641 obtulerit,
700 2558 736 2628 id
755 2560 813 2630 alii
832 2568 1006 2652 tanquam
1029 2560 1234 2650 exemplum
1260 2559 1328 2629 sibi
1352 2558 1434 2629 dari
1453 2558 1547 2628 facile

500 2672 694 2764 patientur,
721 2673 768 2742 ad
794 2674 892 2764 quod
920 2673 1102 2746 intuentes
1131 2674 1201 2744 iter
1228 2697 1333 2745 suum
1362 2697 1488 2768 regere
1511 2693 1547 2741 ac

499 2789 678 2860 moderari
699 2789 857 2882 possint:
884 2789 971 2883 quin
990 2788 1136 2861 coetcrio
1151 2790 1275 2861 durior
1290 2791 1443 2861 fortasse
1461 2788 1549 2860 vide·

500 2905 598 2976 bitur
614 2905 673 2976 hic
689 2905 852 2999 quamvis
869 2907 1013 2976 nativus
1030 2907 1128 2987 ordo,
1144 2928 1252 2998 quam
1271 2906 1334 3000 qui
1353 2916 1457 2977 certa
1477 2926 1549 2997 pro-

497 3019 605 3091 cedat
620 3022 711 3115 lege,
728 3035 766 3091 et
782 3044 858 3092 rem
876 3022 981 3092 docte
999 3020 1111 3116 magis
1129 3021 1388 3115 artificioseque
1405 3020 1548 3113 aperiat.

498 3134 597 3205 Nam
626 3134 722 3206 credi
750 3136 812 3205 vix
841 3145 971 3228 potest,
994 3158 1077 3205 cum
1103 3136 1255 3207 infinitae
1278 3136 1350 3206 sint
1371 3133 1548 3230 cogitandi
1665 3190 1666 3235 ἢ

498 3249 580 3331 viae,
597 3261 651 3333 ut,
668 3273 777 3343 quam
794 3252 890 3323 viam
908 3274 1001 3321 uuus
1018 3250 1146 3343 aliquis
1163 3256 1299 3323 temere
1316 3263 1354 3321 et
1371 3274 1471 3323 caeco
1489 3250 1548 3319 im·

498 3377 585 3456 petu
598 3367 720 3440 inierit
730 3370 892 3461 scriptor,
906 3368 1032 3439 eadem
1044 3366 1123 3438 aliis
1136 3389 1278 3459 quoque
1296 3388 1379 3437 casu
1397 3366 1547 3459 quodam

495 3478 547 3549 sit
562 3481 784 3573 gratissima:
810 3484 908 3575 quod
929 3484 968 3553 ni
990 3484 1044 3553 ita
1064 3482 1139 3565 fiet,
1157 3481 1271 3576 magis
1294 3505 1336 3552 ea
1362 3493 1463 3553 certe
1486 3482 1549 3549 lec·

497 3594 634 3695 toribus
658 3596 755 3666 cordi
779 3596 860 3682 erit,
878 3618 987 3690 quam
1011 3596 1103 3668 ratio
1120 3608 1158 3668 et
1173 3595 1362 3688 disciplina
1379 3614 1549 3669 monstra-

498 3711 625 3783 verint.

855 3968 867 3994 ³
881 3956 950 4014 Chr.
966 3955 1059 4016 Gottl.
1076 3918 1188 4036 lleyne.
