3559 5575
475 151 519 214 82
844 145 966 211 PARS
989 144 1151 210 PRIMA
1337 149 1452 213 Pron.
1468 151 1541 214 vl.

475 323 613 396 midum
639 333 677 393 et
699 342 900 392 commune.
951 318 1078 392 Veluti
1102 319 1141 390 in
1165 341 1276 391 steno
1299 320 1364 393 diu
1393 323 1543 394 exerci-

475 449 573 511 tatus
591 438 701 533 pugil,
718 460 794 508 rem
813 435 914 532 vigili
936 447 1117 508 scrutatur
1140 447 1250 530 atque
1274 437 1416 511 intenta
1440 439 1538 521 acie,

474 579 553 641 nec,
571 555 639 625 nisi
657 554 800 648 quondo
816 553 929 624 ictum
947 553 1039 624 serio
1057 553 1264 636 meditatur,
1281 555 1376 626 ferit

526 673 618 754 Quae
635 671 672 740 in
691 669 856 741 universo
872 692 980 760 opere
993 669 1212 762 conspicitur
1224 670 1349 754 virtus,
1363 671 1394 741 si
1407 672 1444 743 in
1458 671 1537 742 sin-

474 787 567 883 gulis
583 787 670 858 locis
688 795 881 878 spectatur,
900 786 1045 858 videtur
1061 809 1138 857 esse
1154 786 1355 868 diminuts;
1380 789 1443 859 sed
1458 788 1535 859 for-

474 911 568 974 tasse
585 925 657 973 non
674 902 796 996 inepte
814 902 1065 973 monstrabunt
1076 900 1166 995 quid
1179 902 1287 972 velim
1300 901 1362 972 illa
1378 902 1424 975 de
1440 927 1533 974 nau·

474 1016 584 1112 fragis
601 1041 698 1112 aegre
715 1041 762 1090 ex
780 1017 893 1089 fluctu
910 1016 947 1087 in
965 1031 1100 1088 terrum
1117 1015 1362 1088 subeuntibus.

562 1183 710 1269 Namque
724 1181 842 1246 inflicta
855 1179 955 1257 vodis,
970 1178 1065 1244 dorso
1078 1180 1157 1243 dum
1172 1178 1288 1266 pendet
1303 1179 1425 1267 iniquo,

563 1285 693 1371 Anceps
707 1295 881 1348 sustentato
895 1281 963 1358 diu,
977 1280 1157 1367 fluctusque
1171 1280 1295 1368 fatigat,

564 1387 714 1464 Solvitur,
730 1405 827 1473 atque
841 1384 925 1448 viros
938 1383 1048 1448 mediis
1062 1383 1192 1471 exponit
1206 1383 1239 1448 in
1254 1382 1367 1457 undis;

564 1489 736 1576 Fragmino
750 1509 908 1552 remorum
922 1509 1003 1574 quos
1015 1501 1047 1552 et
1060 1485 1218 1552 fluitantis
1231 1500 1367 1551 transtra

563 1589 760 1678 Impediunt,
775 1589 970 1677 retrahitque
977 1590 1092 1677 prdem
1106 1591 1204 1655 rimd
1215 1590 1306 1654 oudo
1322 1590 1473 1654 relabens.

1268 1693 1351 1756 ΕΝ.
1366 1692 1415 1756 X.
1429 1693 1505 1756 808.

475 1839 570 1910 Rem
596 1862 739 1911 omnem
764 1851 861 1912 caste
886 1863 929 1910 nc
953 1837 1112 1933 graviter
1134 1835 1528 1931 exponit-unicuique

474 1953 554 2025 voci
571 1978 636 2025 sua
652 1956 773 2026 subest
789 1953 988 2035 sententic3
1014 1962 1054 2025 ot
1069 1952 1107 2024 in
1126 1963 1305 2046 postremo
1323 1976 1428 2024 versu
1450 1949 1530 2022 feli-

475 2069 622 2143 citatem
636 2071 734 2144 illom
747 2070 929 2165 praecipue
942 2068 1062 2153 miror,
1072 2092 1144 2163 quo
1154 2069 1287 2141 veritas
1298 2068 1376 2162 ipse
1388 2077 1528 2139 notrrrae

475 2209 592 2281 neque
602 2189 739 2286 vulgari
753 2188 912 2284 imagine
924 2210 1042 2281 neque
1055 2185 1162 2257 nimis
1176 2186 1357 2281 exquisita
1368 2187 1527 2257 effertur.

525 2305 586 2376 Sic
601 2329 728 2400 rupem
745 2305 914 2376 fluctibus
930 2312 1101 2375 vexatum
1118 2303 1287 2385 exhibet;

563 2441 609 2504 Ut
623 2440 727 2528 pelagi
743 2461 849 2527 rupes,
866 2460 983 2525 magno
996 2438 1141 2504 veniente
1154 2438 1291 2526 fragore,

563 2545 644 2620 Quae
659 2565 736 2620 sese,
752 2539 860 2605 multis
873 2540 992 2606 circum
1006 2539 1194 2606 latrantibus
1209 2539 1313 2621 undis,

563 2643 652 2708 Mole
667 2656 770 2708 tenet:
794 2641 915 2730 scopuli
929 2642 1141 2731 nequicquam
1154 2657 1187 2708 et
1201 2664 1333 2729 spumeo
1345 2640 1463 2708 circum

564 2748 647 2812 Saxa
661 2747 811 2828 fremunt,
827 2747 981 2836 loto-ipae
994 2747 1082 2812 illiso
1096 2746 1285 2833 rq‘nrrditur
1298 2745 1388 2834 algo.

1223 2850 1306 2915 AEu.
1320 2849 1393 2914 vll.
1409 2852 1483 2917 587.

524 2982 585 3053 Sic
602 2982 778 3055 Mezentii
795 2984 884 3055 bene
902 2981 1135 3074 compositam
1153 2980 1191 3051 in
1208 3005 1301 3075 equo
1317 2983 1489 3062 formam:

648 3150 691 3165 ·-
705 3128 856 3203 exceptus
869 3128 959 3200 tergo
973 3120 1120 3176 ooruraeto
1133 3110 1248 3175 locavit

562 3218 723 3283 Membro.
1251 3212 1331 3279 AEu.
1346 3214 1395 3278 X.
1409 3210 1483 3281 ool.

475 3354 513 3415 et
531 3345 646 3415 Troili
669 3345 834 3438 effigiem.
848 3343 931 3415 coesi
955 3352 993 3413 et
1010 3364 1117 3412 curru
1141 3343 1248 3435 rapti,
1273 3343 1407 3437 exigua
1431 3352 1529 3415 certe

472 3468 562 3530 noto
583 3458 785 3552 distinguit,
803 3458 864 3529 sed
886 3481 969 3551 quae
995 3458 1156 3529 animum
1180 3458 1305 3531 statim
1326 3460 1375 3531 ad
1397 3469 1529 3532 cetero

475 3571 602 3643 melius
619 3572 851 3665 concipiendo
867 3572 995 3667 erigit;

779 3740 951 3824 Curruque
964 3736 1064 3802 bseret
1078 3735 1245 3825 resupinus
1258 3733 1354 3812 inani,

517 3840 605 3905 Lora
620 3854 728 3904 tenens
743 3854 867 3904 tomen:
890 3838 966 3904 huic
979 3839 1150 3926 cervixque
1165 3860 1328 3926 comoeque
1342 3836 1515 3901 trahuntur
1531 3866 1534 3873 ·

517 3947 580 4010 Per
595 3960 721 4024 terram,
737 3959 769 4009 ct
784 3966 877 4010 verro
886 3945 999 4033 pulvis
1013 3944 1203 4009 inscribitur
1216 3945 1322 4009 ioth.

1267 4046 1348 4111 ΕΝ.
1365 4046 1392 4110 Ι.
1409 4047 1482 4110 rel.
