3559 5575
371 187 603 251 an„
635 186 917 252 XVIII.
1021 188 1154 254 DE
1199 188 1831 254 AFFECTIBUS.
2358 192 2487 259 w

547 358 641 421 Et
673 355 883 421 Solem
910 356 1258 445 geminum,
1288 374 1355 423 et
1383 357 1668 446 duplices
1696 381 1763 423 se
1790 356 2127 424 ostendere
2157 359 2453 426 Thebas:

544 460 690 522 Aut
718 458 1263 546 Agamemnonius
1290 459 1490 524 scenis
1519 459 1797 547 agitatus
1827 461 2106 540 Orestes,

542 562 876 625 Armatam
903 559 1147 625 facibus
1173 574 1440 626 matrem
1469 575 1535 625 et
1563 559 1964 647 serpentibus
1990 560 2143 625 atris

542 661 712 726 Cum
740 661 934 750 fugit,
966 661 1346 749 ultricesque
1376 661 1599 726 sedent
1626 661 1693 725 in
1721 660 1936 726 limine
1964 661 2166 727 Dirae.

570 753 576 761 ’
1119 759 1124 766 ’
1896 761 2055 828 AEN.
2088 763 2209 829 1v.
2241 760 2390 828 465.

367 936 620 1031 Atque
657 936 738 1008 in
779 939 920 1010 hoc
962 938 1255 1033 quidem
1299 941 1632 1034 exemplo
1676 939 1961 1012 desinat
1992 941 2292 1035 hujusce
2340 939 2481 1011 loci

368 1052 789 1145 disciplina;
865 1054 1204 1148 quoniam
1257 1056 1415 1149 jam
1471 1065 1548 1128 et
1602 1055 1712 1126 rei
1768 1055 1993 1147 ipsius
2058 1054 2338 1127 ratione
2403 1068 2481 1127 et

369 1168 637 1239 summi
685 1168 996 1240 auctoris
1041 1167 1321 1264 Judicio
1371 1168 1545 1240 satis
1590 1178 1923 1240 constent
1956 1191 2064 1252 ea,
2098 1192 2263 1262 quae
2308 1168 2479 1240 olim

364 1282 566 1355 vobis
599 1285 1060 1375 comprobata
1094 1283 1329 1355 volui:
1381 1283 1726 1355 nimirum
1757 1284 2080 1356 horribili
2112 1286 2251 1355 hoc
2285 1305 2484 1355 meu-

360 1397 458 1469 tis
528 1398 776 1468 morbo
841 1420 1054 1490 paroe
1112 1398 1490 1481 utendum,
1546 1397 1609 1468 si
1669 1399 1762 1470 ad
1822 1399 2123 1470 leniores
2176 1399 2478 1469 affectus

363 1512 749 1607 aperienda
790 1512 885 1583 sit
917 1511 1076 1584 via:
1130 1522 1289 1584 tum
1322 1513 1685 1606 praecipue
1718 1516 1811 1585 ab
1846 1513 2187 1586 extremis
2217 1511 2477 1584 furori-

361 1630 496 1700 bus
529 1637 605 1700 et
629 1628 948 1700 amentia
977 1627 1421 1710 cavendum;
1453 1650 1620 1699 cum
1656 1639 1911 1700 contra
1941 1652 2071 1721 pro
2105 1638 2472 1721 comperto

361 1747 734 1831 habeatur,
783 1753 869 1815 ut
918 1766 1060 1838 quo
1108 1743 1401 1836 propius
1448 1767 1564 1816 res
1615 1744 1802 1816 absit
1856 1768 1903 1815 a
1958 1767 2153 1815 sanae
2208 1742 2471 1814 mentis

361 1860 794 1943 conditione,
827 1870 901 1931 et
937 1883 1222 1932 causam
1259 1860 1616 1930 tumultus
1646 1882 1801 1951 prae
1843 1881 1919 1930 se
1963 1859 2150 1929 ferat
2183 1856 2474 1928 eviden-

360 1974 644 2057 tiorem,
678 1977 814 2046 hoc
864 1974 1092 2070 magis
1138 1973 1589 2047 audientium
1628 1973 1846 2046 corda
1886 1973 2244 2068 attingere
2284 1969 2471 2042 etin

214 2117 242 2137 *
363 2114 440 2164 se
473 2090 716 2163 defixa
744 2099 990 2163 tenere
1023 2087 1312 2182 poterit..

1339 4140 1476 4210 114
