3559 5575
488 147 718 211 Pam..
749 146 1017 211 XXIV.
1146 148 1276 212 DE
1321 147 1949 214 AFFECTIBUS.
2467 153 2595 218 311

483 330 732 392 tamen
763 342 1282 414 nonnunquam
1314 321 1455 390 hac
1483 321 1574 391 de
1608 344 1825 393 causa
1867 322 2074 406 fiunt,
2109 323 2281 416 quia
2328 324 2601 398 dicenti

481 437 669 508 adeo
729 437 1054 508 favemus
1123 446 1206 508 ut
1262 437 1509 508 studio
1565 438 1740 508 elati
1797 438 1873 508 in
1938 449 2180 532 partes
2237 442 2597 514 abeamus.

481 551 698 633 Quod
729 551 1022 623 tametsi
1054 552 1145 622 de
1178 575 1397 644 prave
1424 553 1718 624 omnino
1743 563 2005 648 agente
2030 564 2159 625 aut
2178 555 2420 628 locuto
2443 557 2601 628 fieri

477 688 936 761 nequaquam
957 677 1219 761 potest,
1239 677 1484 738 tamen
1510 667 1704 739 inter
1726 668 2167 740 audiendum
2202 681 2331 743 aut
2355 672 2601 767 legen-

478 781 656 851 dum
691 782 761 852 ei
792 806 936 854 non
972 807 1136 854 raro
1181 806 1312 853 nos
1359 782 1753 877 adjungere
1800 785 2107 856 solemus
2155 784 2282 878 qui
2333 809 2601 881 magna

479 896 797 980 affectat,
831 919 1246 991 quanquam
1277 896 1604 980 heroiciS,
1629 896 1739 967 uti
1772 899 2191 992 loquuntur,
2218 898 2417 970 vitiis
2451 924 2595 972 non

479 1020 746 1083 careat.
797 1012 1129 1107 Ecquem
1163 1011 1434 1083 scilicet
1461 1035 1605 1083 non
1640 1023 1884 1084 movet
1920 1014 2382 1109 magnificum
2416 1015 2598 1086 illud

478 1126 774 1222 Virgilii
807 1127 1188 1210 monitum,
1221 1151 1367 1220 quo
1399 1126 1590 1197 cives
1624 1151 1789 1198 suos
1823 1128 2216 1222 alloquitur
2233 1128 2269 1198 ?

654 1256 1003 1320 Excudent
1031 1254 1132 1319 alii
1165 1253 1466 1341 spirantia
1495 1253 1748 1318 mollius
1777 1278 1947 1319 aera:

653 1357 864 1421 Credo
892 1357 1211 1444 equidem,
1243 1356 1420 1421 vivos
1448 1356 1686 1421 ducent
1713 1357 1795 1420 de
1821 1379 2132 1422 marmore
2161 1357 2413 1425 vultus:

653 1461 948 1524 Orabunt
975 1482 1224 1524 caussas
1254 1457 1513 1522 melius:
1563 1458 1835 1544 coelique
1865 1473 2114 1524 meatus

653 1561 1030 1626 Describent
1055 1560 1258 1639 radio,
1288 1572 1353 1624 et
1383 1559 1707 1646 surgentia
1736 1559 1941 1624 sidera
1970 1560 2213 1624 dicent:

655 1664 763 1727 Tu
794 1686 1011 1750 regere
1038 1662 1303 1749 imperio
1331 1660 1622 1749 populos,
1658 1663 1972 1742 Romane,
2003 1675 2351 1726 memento:

653 1767 783 1830 Hae
812 1765 925 1830 tibi
954 1779 1142 1830 erunt
1168 1778 1378 1838 artes;
1427 1764 1725 1852 pacisque
1754 1764 2078 1851 imponere
2107 1787 2371 1844 morem,

654 1870 921 1932 Parcere
951 1867 1269 1956 subjectiS,
1301 1882 1364 1934 et
1395 1865 1711 1930 debellare
1739 1867 2064 1954 superbos„

2009 1952 2173 2017 AEN.
2204 1953 2323 2016 VI.
2355 1954 2508 2016 848.

478 2065 693 2150 Quod
747 2064 809 2136 si
864 2088 1017 2136 rem
1076 2065 1308 2158 ipsam
1364 2066 1548 2137 serio
1597 2064 1758 2158 quis
1810 2066 2198 2157 expendat,
2247 2064 2593 2158 injustam

477 2185 666 2254 hanc
696 2180 1048 2277 regnandi
1073 2180 1447 2252 libidinem
1482 2180 1775 2252 omnino
1815 2180 2360 2273 improbandam
2407 2181 2597 2252 exis.

476 2296 731 2380 timet3
789 2318 1010 2391 quam
1059 2318 1296 2390 neque
1343 2295 1593 2391 gloriae
1642 2295 2001 2388 cupiditas
2052 2318 2286 2389 neque
2334 2297 2592 2388 patriae

477 2437 679 2485 amor
709 2435 1016 2507 usquam
1050 2414 1515 2485 cohonestare
1547 2411 1835 2504 poterit.

576 2528 996 2613 Quinetiam
1043 2551 1293 2600 earum
1333 2549 1575 2599 rerum
1627 2527 1718 2598 de
1768 2525 2029 2619 quibus
2078 2527 2154 2596 in
2207 2536 2589 2622 utramque

474 2655 756 2738 partem
788 2645 1142 2739 disputari
1173 2652 1411 2737 potest
1443 2653 1653 2716 tanta
1683 2642 2050 2714 interdum
2087 2652 2198 2713 est
2221 2642 2353 2727 vis,
2387 2642 2448 2713 si
2482 2643 2591 2714 di-

474 2769 757 2832 centem
791 2760 1119 2842 deceant,
1143 2767 1227 2830 ut
1252 2758 1499 2831 statim
1533 2759 1788 2852 plausu
1824 2754 2302 2849 excipiantur,
2327 2765 2401 2829 et
2427 2764 2590 2827 tan-

475 2895 695 2966 quam
726 2874 1101 2965 proverbia
1132 2874 1359 2944 ferme
1395 2872 1473 2943 in
1515 2895 1971 2944 communem
2018 2894 2418 2942 sermonem
2464 2871 2588 2941 ab-

475 2997 670 3058 eant.
741 2988 1001 3080 Itaque
1031 2987 1279 3083 Ajacis
1317 2988 1443 3059 illa
1479 2986 1851 3059 Homerici
1885 3010 2030 3058 vox
2063 3010 2343 3081 semper
2387 3009 2587 3082 mag-

480 3103 694 3176 nifica
727 3105 1056 3186 habetur,
1404 3201 1412 3206 ,

1349 3233 1433 3306 δὸς
1465 3234 1508 3294 δ’
1540 3231 1903 3314 ὀφθαλμοῖσιν
1935 3231 2161 3297 ἰδέσθαι·

731 3336 836 3398 Ἐν
866 3334 922 3397 ὃὸ
951 3334 1078 3418 φάει
1109 3334 1207 3397 καὶ
1240 3333 1494 3413 ὄλεσσον,
1525 3332 1644 3397 &ml
1671 3333 1732 3398 νύ
1759 3359 1844 3397 τοι
1877 3332 2060 3399 εὔαδεν
2088 3334 2277 3412 οὕτως.

1884 3437 2076 3502 Hom.
2111 3439 2213 3502 11„
2246 3443 2312 3502 P.
2343 3438 2494 3507 646.

472 3566 580 3637 At
622 3566 921 3639 fortasse
972 3566 1052 3637 id
1102 3566 1331 3662 magis
1381 3565 1788 3658 prudentiae
1836 3566 2081 3650 fuerit,
2130 3568 2581 3668 hominisque

471 3692 754 3754 naturae
787 3680 1025 3776 aptius
1057 3682 1253 3776 quod
1284 3681 1525 3753 Deum
1559 3682 1961 3754 obtestatur
1994 3682 2352 3758 Lucanus.

647 3820 745 3887 Sit
773 3822 1053 3887 subitum
1083 3822 1513 3910 quodcunque
1541 3846 1759 3910 paras:
1811 3824 1891 3889 sit
1919 3847 2085 3890 caeca
2113 3827 2317 3892 futuri

647 3926 839 3990 Mens
865 3924 1191 3990 hominum
1222 3924 1374 3990 fati:
1422 3924 1604 3990 liceat
1634 3949 1883 4014 sperare
1911 3927 2177 3994 timenti.

1943 4034 2204 4101 Pinus.
2241 4032 2341 4097 11.
2375 4034 2481 4099 14.

1455 4138 1596 4201 x4
