3559 5575
1051 704 1769 792 PRAELECTIO
1827 700 2399 786 VICESIMA
2454 697 2944 783 TERTIA.

933 1011 1037 1075 De
1070 1010 1417 1073 Sententiis
1447 1008 1639 1070 mia-a
1669 1005 1937 1093 gener-is
1965 1003 2222 1092 agitur,
2253 1024 2529 1090 qzmrum
2558 1003 2660 1066 vis
2685 1003 2758 1064 in
2786 998 3059 1064 veritate

1009 1111 1230 1200 posita
1260 1119 1374 1174 est.
1466 1107 1880 1196 Frigidiores
1908 1105 2009 1168 hae
2028 1107 2239 1192 fiunt,
2269 1107 2330 1169 si
2356 1127 2465 1169 eas
2494 1106 2695 1169 Poeta
2730 1106 2868 1191 ipse
2906 1105 3058 1193 ff-

1019 1222 1145 1276 rat.
1217 1212 1513 1275 Personae
1534 1210 1752 1296 potius
1780 1206 1976 1270 alicui
2006 1206 2397 1270 tribuantur.
2467 1206 2810 1293 Proecipue
2835 1212 3056 1267 autent

1020 1323 1114 1378 est
1143 1313 1509 1389 videndum,
1540 1320 1615 1375 ut
1637 1330 1978 1397 personam
2008 1306 2287 1387 deceant,
2310 1308 2641 1394 etsabuloe
2666 1315 3072 1394 argumento

1019 1416 1417 1478 conveniant.

1759 1631 2312 1682 -.—..*-...-.

939 1845 1273 1960 QUUM
1322 1872 1467 1943 duo
1518 1871 1811 1942 omnino
1856 1895 2124 1967 genera
2178 1896 2331 1944 esse
2382 1870 2900 1943 sententiarum
2952 1869 3050 1940 sit

935 1990 1272 2083 positum,
1328 2011 1556 2058 unum
1618 2011 1866 2058 eorum
1926 2012 2091 2082 quae
2142 1988 2469 2071 veritate,
2521 1989 2825 2058 alterum
2882 2008 3050 2079 quae

935 2103 1470 2200 pulchritudine
1504 2105 1746 2175 valent
1795 2115 1923 2174 aut
1967 2104 2347 2196 probitate,
2387 2127 2622 2195 pauca
2669 2102 2903 2173 adhuc
2955 2102 3049 2172 de

937 2222 1298 2314 superiore
1322 2244 1586 2315 genere
1612 2230 1782 2290 sunt
1809 2219 2025 2302 dicta,
2047 2230 2401 2314 quatenus
2428 2219 2521 2289 ad
2544 2219 2713 2289 vitae
2738 2218 3050 2289 brevita-

935 2348 1086 2408 tem
1121 2347 1195 2406 et
1219 2335 1531 2405 fortunae
1559 2334 1748 2406 vices
1774 2335 2272 2427 pertinebant:
2311 2357 2486 2427 quas
2520 2333 2863 2404 nimirum
2888 2356 3050 2404 seu-

936 2449 1200 2520 tentias
1251 2471 1294 2517 a
1348 2447 1578 2538 poetis
1633 2460 1922 2520 ornatas
1974 2449 2046 2519 in
2099 2448 2333 2541 pretio
2384 2450 2650 2520 habent
2700 2446 3046 2530 homines,

935 2587 1079 2635 nou
1116 2572 1461 2655 tanquam
1497 2586 1719 2632 novas
1754 2574 1831 2635 et
1857 2589 1900 2635 a
1933 2588 2141 2635 sensu
2180 2564 2540 2635 communi
2567 2576 2898 2646 remotas,
2920 2564 3048 2634 sed

934 2679 1108 2774 quia
1156 2678 1256 2748 sic
1306 2676 1551 2759 animi,
1585 2679 1895 2773 negotiis
1943 2683 2366 2773 plerumque
2413 2692 2540 2751 aut
2575 2680 2765 2751 curis
2811 2680 3047 2773 impli-

937 2797 1086 2882 citi,
1124 2802 1548 2866 revocantur
1592 2794 1989 2867 identidem
2043 2798 2137 2869 ad
2188 2797 2427 2868 sanius
2477 2797 2895 2890 aequiusque
2945 2797 3049 2868 fe-

937 2910 1242 2981 rendum
1277 2910 1367 2981 de
1400 2911 1611 2981 rebus
1647 2911 1980 2981 humanis
2004 2911 2385 3005 judicium.

1042 3027 1362 3098 Plurima
1412 3036 1657 3098 autem
1709 3036 1880 3098 sunt
1925 3025 1997 3096 in
2039 3027 2188 3098 vita
2232 3039 2308 3099 et
2354 3025 2869 3098 consuetudine
2915 3028 3049 3096 hu·

939 3164 1176 3225 mana,
1201 3144 1397 3212 nullo
1431 3142 1720 3236 quidem
1758 3152 1954 3213 certo
1990 3144 2321 3213 conclusa
2352 3165 2635 3237 genere,
2661 3141 2752 3212 de
2785 3141 3047 3234 quibus

941 3258 1331 3327 sententias
1357 3268 1524 3349 apte
1559 3282 1642 3328 ac
1676 3258 2070 3349 prudenter
2100 3257 2330 3329 dictas
2366 3258 2906 3350 comprobamus
2941 3259 3049 3327 ul·

941 3381 1095 3450 tro;
1146 3394 1333 3464 quae,
1369 3371 1429 3440 si
1461 3371 1647 3442 forte
1681 3373 2105 3465 perspicacis
2152 3373 2425 3469 ingenii
2473 3373 2758 3468 signum
2804 3374 3048 3457 edant,

941 3495 1016 3558 et
1040 3485 1412 3557 interiores
1445 3509 1684 3556 rerum
1713 3511 1962 3559 causas
1991 3488 2372 3559 videantur
2395 3488 2756 3581 expedire,
2782 3513 2867 3559 eo
2892 3489 3051 3581 ipso

941 3601 1249 3693 placent,
1283 3602 1475 3695 quod
1525 3625 1638 3673 res
1688 3603 1892 3674 nobis
1944 3603 2275 3675 clariores
2326 3605 2655 3687 reddant,
2690 3604 2883 3699 quod
2936 3629 3054 3676 oc·

943 3718 1138 3788 culta
1188 3709 1644 3809 patefaciant,
1679 3722 1959 3790 solvant
2000 3719 2242 3809 dubia,
2286 3720 2574 3791 insolita
2622 3732 3052 3813 proponant,

944 3842 1016 3905 et
1066 3832 1192 3905 ubi
1241 3834 1434 3931 vagis
1486 3835 1805 3929 plerique
1857 3838 2193 3907 mortales
2252 3837 2702 3930 opinionibus
2759 3836 3051 3909 fluitent

944 3958 1072 4019 aut
1106 3950 1390 4022 traditis
1434 3953 1939 4045 obsequantur,
1973 3950 2070 4021 ibi
2119 3962 2395 4022 certum
2444 3953 2733 4046 aliquod
2766 3961 2842 4024 et
2876 3953 3052 4024 defi·
