3559 5575
531 118 764 185 Pam„
796 116 1078 182 XXXV.
1258 116 1387 180 DE
1434 115 2001 181 PHANTASIA.
2527 114 2651 184 461

710 291 806 355 Et
833 287 948 376 qui
975 285 1345 375 cornipedes
1371 286 1434 350 in
1466 285 1695 373 pocula
1721 286 2015 351 vulnerat
2042 285 2259 352 audax

673 408 681 416 ’
714 393 1133 477 Massagetes,
1162 411 1517 475 coesamque
1543 387 1768 454 bibens
1799 388 2113 454 Maeotida
2139 387 2412 455 Alanus.

2041 491 2300 556 Rurm.
2329 492 2385 556 1.
2414 493 2569 559 311.

535 639 881 711 Putidius
930 639 1128 709 haud
1181 637 1395 708 dubie
1446 647 1654 708 sonat
1696 637 1878 708 illud
1936 659 2202 709 eaecam
2258 637 2657 729 Maeotida,

535 779 685 850 quo
720 755 1012 848 quidem
1048 752 1528 848 significatum
1564 755 1724 824 vult
1759 776 1982 846 aquas
2018 754 2198 825 adeo
2231 757 2397 850 gelu
2449 757 2661 829 indu-

536 871 710 954 rari,
747 883 829 941 ut
864 868 1227 941 securibus
1259 868 1336 940 in
1372 871 1723 940 humanos
1759 893 1931 940 usus
1965 870 2356 941 caedantur.
2462 873 2656 945 Tum

540 996 785 1057 astuto
834 984 959 1056 illo
994 995 1038 1027 “
1058 984 1475 1077 cornipedes
1525 984 1599 1055 in
1652 987 1910 1078 pocula
1950 987 2342 1072 vulnerat,”
2387 1000 2658 1079 quanto

541 1101 1041 1195 praestantiora
1075 1110 1245 1171 sunt
1277 1100 1564 1196 Virgilii
1601 1124 1753 1173 rem
1790 1111 2036 1194 aperte
2070 1101 2572 1173 monstrantis!

722 1223 892 1286 Cum
919 1220 1091 1308 fugit
1118 1220 1183 1284 in
1218 1219 1599 1308 Rhodopen,
1631 1236 1825 1308 atque
1853 1222 1920 1285 in
1950 1221 2198 1286 deserta
2225 1222 2527 1302 ferarum,

725 1327 820 1389 Et
846 1323 941 1388 lac
969 1335 1330 1388 concretum
1358 1345 1502 1387 cum
1535 1324 1840 1410 sanguine
1867 1337 2047 1411 potat
2074 1323 2325 1411 equino.

647 1447 864 1531 Quod
897 1469 1066 1517 vero
1099 1445 1462 1538 praecipue
1495 1446 1570 1517 in
1607 1448 1742 1518 hoc
1773 1470 2036 1543 genere
2082 1448 2657 1521 animadversum

542 1563 788 1646 velim,
824 1571 934 1632 est
968 1560 1480 1653 Epithetorum
1534 1559 1969 1655 negantium
2015 1562 2164 1644 vis;
2216 1587 2459 1658 quam,
2488 1563 2661 1635 licet

546 1702 710 1749 eam
745 1676 1174 1747 Aristoteles
1206 1675 1462 1747 leviter
1501 1676 1850 1771 attigerit,
1886 1678 2257 1771 plerosque
2302 1680 2477 1752 artis
2527 1678 2663 1751 cri-

547 1793 719 1865 ticae
756 1792 1131 1884 scriptores
1165 1790 1433 1885 fugisse
1466 1801 1665 1882 puto.
1768 1791 2038 1863 Graecis
2089 1793 2381 1886 quidem
2432 1796 2661 1886 poetis

550 1908 786 2003 magis
813 1909 971 1978 haec
994 1906 1069 1977 in
1097 1931 1230 1978 usu
1258 1906 1477 1978 fuisse
1502 1905 1748 1977 mirari
1772 1907 2073 1991 desinet,
2097 1908 2216 1979 cui
2239 1908 2313 1979 in
2341 1921 2661 1981 mentem

549 2023 755 2095 venit
787 2022 1165 2117 singularis
1197 2022 1463 2116 linguae
1496 2021 1701 2093 istius
1733 2021 1810 2092 in
1838 2023 2344 2116 componendis
2371 2023 2662 2095 vocibus

550 2140 881 2224 facultas,
914 2138 1316 2231 praesertim
1349 2138 1439 2208 iis
1474 2136 1730 2230 quibus
1765 2137 1978 2230 praeit
2010 2139 2367 2234 negativa.
2471 2139 2664 2231 Ope-

551 2255 781 2326 rosius
841 2255 978 2325 hoc
1030 2254 1293 2325 Latine
1338 2255 1715 2325 verborum
1773 2253 2049 2325 ambitu
2110 2254 2452 2335 efficitur3
2504 2253 2665 2324 uni-

554 2372 761 2441 'versa
829 2369 1150 2441 oratione
1216 2392 1406 2461 saepe
1462 2368 1538 2439 in
1599 2392 1757 2440 eam
1818 2369 2249 2441 sententiam
2304 2391 2663 2456 conversa,

553 2507 772 2578 quam
811 2483 1093 2578 singula
1127 2482 1544 2555 Graecorum
1576 2485 1922 2557 vocabula
1954 2485 2288 2581 negative
2321 2485 2662 2557 efferunt:

555 2610 643 2671 ut
675 2601 749 2672 in
785 2599 920 2688 his,

823 2746 1002 2812 Pone
1028 2767 1130 2810 me
1158 2745 1356 2833 pigris
1381 2747 1492 2811 ubi
1521 2749 1704 2812 uuna
1731 2750 1973 2836 campis

823 2850 1029 2915 Arbor
1059 2848 1283 2912 aestiva
1311 2857 1640 2911 recreatur
1666 2869 1838 2911 aura
1854 2873 1876 2910 .-

822 3053 1000 3116 Pone
1029 3050 1149 3116 sub
1176 3072 1368 3115 curru
1399 3048 1662 3114 nimium
1692 3049 2034 3138 propinqui

825 3153 986 3218 Solis
1012 3155 1082 3216 iu
1114 3162 1291 3218 terra
1316 3153 1601 3217 domibus
1627 3162 1889 3239 negata.

665 3305 962 3377 Nemini
1019 3316 1260 3376 autem
1331 3327 1475 3375 non
1545 3313 1964 3375 succurrent
2019 3328 2065 3374 a
2122 3303 2394 3374 Graecis
2453 3302 2671 3397 scrip-

561 3421 837 3494 toribus
870 3421 946 3492 in
980 3445 1060 3492 re
1093 3444 1235 3492 non
1263 3419 1569 3491 absimili
1595 3419 1804 3490 aliter
1829 3443 1913 3491 ac
1937 3418 2243 3512 pressius
2268 3418 2484 3503 dicta,
2505 3442 2670 3513 quae

563 3549 886 3631 tempore
920 3537 1329 3609 admonitus
1352 3538 1507 3632 jam
1543 3536 1858 3629 prudens
1891 3546 2265 3629 praetereo.
2338 3536 2529 3608 Illud
2561 3546 2672 3607 ta-

564 3675 730 3724 men
768 3653 1064 3724 minime
1096 3654 1484 3724 tacendum
1518 3653 1718 3736 duxi,
1755 3653 1948 3746 quod
1976 3652 2342 3745 Epithetis
2374 3652 2463 3722 iis
2497 3674 2671 3742 pon·

564 3768 700 3839 dus
739 3768 833 3838 sit
867 3769 1078 3862 longe
1126 3767 1550 3850 maximum,
1593 3791 1754 3862 quae
1806 3788 1958 3836 una
2009 3788 2171 3836 cum
2206 3759 2672 3858 Memphora

567 3881 913 3977 negative
963 3882 1242 3954 eoe'unt.
1346 3883 1583 3953 Locus
1629 3892 1739 3955 est
1775 3880 2100 3954 subtilior
2143 3880 2403 3973 paullo,
2439 3888 2513 3950 et
2548 3880 2672 3972 qui

569 3998 884 4091 apertius
938 3993 1206 4091 exponi
1256 3997 1491 4069 debet.
1595 3997 1901 4090 Sumpto
1949 3996 2174 4091 igitur
2222 3994 2512 4066 nomine
2567 3994 2671 4067 rei
