3559 5575
1076 107 1206 169 ‘im
1801 102 2044 166 PARS
2090 99 2467 166 TERTIA
2624 103 2855 167 Pnaex..
2885 103 3186 169 XXXII.

1250 278 1487 341 Contra
1515 286 1837 337 sonantem
1870 271 2149 336 Palladis
2176 271 2385 358 oeg'ida

1248 379 1514 442 Possent
1542 378 1842 438 ruentes?
1891 374 2068 437 Hinc
2095 373 2320 437 avidus
2348 373 2521 438 stetit

1330 478 1689 551 Vulcanus;
1736 477 1885 540 hinc
1912 490 2201 540 matrona
2233 477 2280 540 J
2285 498 2437 554 uno,
2469 490 2534 539 et

1417 583 1768 666 Nunquam
1798 578 2080 642 humeris
2109 578 2432 666 positurus
2461 601 2701 658 arcum,

1246 684 1372 763 Qui
1400 706 1542 747 rore
1570 705 1736 770 puro
1767 681 2063 747 Castaliae
2092 681 2246 746 lavit

1244 786 1465 851 Crines
1495 784 1757 864 solutos,
1791 784 1904 871 qui
1937 783 2158 871 Lyciae
2187 797 2361 848 tenet

1329 891 1614 954 Dumeta
1639 886 2039 973 natalemque
2068 886 2332 974 sylvam,

1414 990 1642 1055 Delius
1669 1002 1734 1053 et
1764 990 2071 1053 Patareus
2099 987 2358 1076 Apollo,
2549 990 2675 1054 On.
2709 990 2852 1053 111.
2884 991 2952 1068 4,
2985 992 3098 1054 53.

1071 1120 1423 1216 Ejusdem
1473 1119 1756 1215 generis
1806 1119 2149 1212 praeclara
2194 1127 2365 1190 sunt
2397 1121 2749 1213 exempla.
2853 1119 3018 1191 Ode
3061 1119 3173 1189 ina

1071 1237 1147 1307 in
1187 1235 1459 1308 Bacchi
1490 1235 1831 1317 laudem„
2943 1250 2956 1264 ·

1244 1372 1568 1437 Bacchum
1596 1371 1661 1435 in
1691 1370 1945 1435 remotis
1973 1369 2249 1434 carmina
2277 1369 2545 1457 rupibus

1239 1475 1387 1538 Vidi
1415 1474 1763 1553 docentem,
1800 1462 2064 1554 (credite
2092 1471 2356 1561 posteri)

1122 1569 1136 1581 “
1326 1574 1788 1662 Nymphasque
1817 1574 2161 1640 discentes:
2209 1587 2272 1639 et
2300 1597 2486 1639 aures

1414 1675 1845 1763 Capripedum
1881 1679 2254 1763 Satyrorum
2284 1691 2516 1741 acutas,

1239 1781 1430 1857 Evae,
1458 1778 1691 1844 recenti
1721 1801 1899 1843 mens
1926 1779 2199 1866 trepidat
2231 1794 2429 1855 metu,

1242 1882 1567 1969 Plenoque
1598 1882 1833 1946 Bacchi
1861 1895 2114 1969 pectore
2141 1881 2472 1948 turbidum

1327 1986 1639 2051 Laetatur.
1729 1985 1915 2065 Evoe,
1947 2006 2158 2071 parce,
2187 1984 2406 2063 Liber,

1414 2089 1612 2152 Parce
1638 2087 1817 2175 gravi
1846 2085 2183 2151 metuende
2214 2086 2455 2174 thyrso.

1242 2191 1369 2253 Fas
1394 2189 1746 2277 pervicaces
1774 2203 1868 2254 est
1900 2188 2054 2253 mihi
2085 2188 2414 2277 ThyadaS‚

1241 2290 1516 2378 Vinique
1543 2293 1805 2368 fontem,
1831 2291 2009 2356 lactis
2038 2304 2101 2355 et
2131 2291 2356 2355 uberes

1329 2396 1603 2458 Cantare
1632 2394 1822 2473 rivoS‚
1857 2398 1971 2458 ὅτε.

1065 2535 1140 2595 et
1173 2548 1336 2617 quae
1381 2525 1703 2617 profudit
1736 2549 1864 2618 per
1898 2524 2158 2621 viginti
2203 2534 2278 2595 et
2321 2523 2562 2615 plures
2597 2546 2842 2593 versus
2893 2522 2970 2593 in
3023 2547 3168 2594 car-

1066 2639 1257 2711 mine
1291 2639 1384 2710 ad
1418 2639 1796 2722 Arborem,
1832 2643 2038 2734 cujus
2073 2664 2243 2711 casu
2275 2639 2424 2711 fere
2458 2649 2569 2710 est
2603 2662 3022 2732 oppressus:

1239 2802 1447 2878 Quam
1476 2820 1658 2887 paene
1685 2798 1893 2863 furvoe
1920 2822 2119 2886 regna
2147 2797 2563 2887 Proserpinae,

1240 2887 1329 2967 th
1351 2901 1741 2990 judicantem
1771 2900 2047 2966 vidimus
2076 2900 2370 2980 AEacum‚

1327 3006 1647 3094 Sedesque
1670 3003 1968 3069 discretas
1995 3003 2269 3091 piorum,
2301 3017 2364 3066 et

1412 3108 1636 3173 AEoliis
1664 3107 1903 3174 fidibus
1931 3120 2296 3194 querentem

1245 3212 1503 3299 Sappho
1532 3210 1758 3299 puellis
1785 3210 1866 3275 de
1893 3209 2345 3298 popularibus;

1241 3317 1332 3379 Et
1361 3328 1423 3378 te
1453 3327 1773 3379 sonantem
1805 3313 2052 3401 plenius
2078 3335 2273 3377 aureo

1324 3415 1534 3480 Alcaee
1562 3416 1802 3504 plectro
1835 3418 1942 3479 ὅτε.

1066 3567 1261 3652 Quid
1285 3590 1451 3638 vero
1486 3566 1787 3651 dulcius,
1813 3568 1992 3661 quid
2025 3568 2119 3638 ad
2152 3590 2397 3638 sensus
2429 3565 2689 3638 leniter
2721 3588 3176 3639 commoven-

1065 3686 1192 3757 dos
1243 3683 1478 3777 aptius
1529 3708 1745 3778 quam
1797 3687 1955 3756 haec
2010 3684 2542 3756 notissimarum
2593 3708 2835 3755 rerum
2883 3682 3177 3776 obliqua

1066 3801 1644 3874 commemoratio
1664 3802 1700 3872 Ρ
1739 3794 2047 3885 ‘Quanto
2097 3800 2532 3893 potentiores
2584 3800 2802 3871 etiam
2860 3801 3177 3895 garrulae

1066 3918 1443 3991 vetustatis
1489 3917 1810 4011 reliquiae
1860 3939 2079 4011 quam
2124 3917 2379 4009 jejuna
2428 3915 2572 3999 illa,
2622 3915 2713 3987 de
2763 3938 2907 4008 qua
2956 3925 3182 3986 antea

1065 4034 1341 4107 dictum
1391 4046 1524 4119 est,
1558 4032 1915 4129 allegoria,
1951 4041 2080 4104 aut
2118 4032 2312 4103 fictae
2359 4031 2451 4103 ad
2496 4042 2780 4125 tempus
2816 4030 3178 4102 virtutum
