3559 5575
468 93 541 163 264⁴
803 94 926 159 PARS
948 93 1171 159 SECUNDA
1301 96 1416 159 Pus.
1433 95 1526 160 XX.

554 263 779 353 Languebent,
792 263 983 351 penitusque
996 263 1074 329 cusis
1087 274 1236 331 oontmss
1242 260 1393 350 jaeebunt

555 370 709 455 Corpore,
723 378 911 453 paupertate
924 380 958 431 et
970 366 1082 431 morbo
1096 364 1205 451 dedite
1216 364 1324 430 morti·

555 469 721 536 Exanimis
733 468 840 555 pueris
854 490 950 557 super
963 468 1140 534 exanimate
1152 482 1324 555 petentum

553 573 697 659 Corpora
711 592 940 659 nonnunquam
955 594 1072 659 posses,
1086 585 1235 657 retroque
1249 569 1357 634 videre

555 671 717 737 Matribus
729 688 762 737 et
776 672 921 775 putribus
935 687 1025 738 natos
1039 694 1135 761 super
1149 672 1242 738 edere
1256 671 1366 736 vitam.

1131 775 1290 838 Lnener.
1307 776 1369 839 VI.
1381 776 1479 839 1250.

468 958 630 1031 'l'sntum
646 980 730 1029 vero
746 958 784 1027 in
801 956 1007 1052 hujusmodi
1023 980 1063 1028 re
1080 959 1188 1041 velet,
1201 966 1362 1029 mentem
1379 957 1426 1027 ab
1441 957 1527 1028 uni-

467 1098 570 1147 verso
593 1096 725 1169 genere
750 1073 797 1143 sd
821 1096 935 1143 unum
958 1082 1023 1144 sut
1044 1095 1178 1165 paucos
1199 1096 1380 1159 revocare,
1399 1072 1526 1143 utrix

467 1190 618 1261 dubium
646 1190 809 1271 habeam,
835 1187 923 1281 quin
950 1198 1147 1283 pervagata
1174 1188 1245 1260 ists
1271 1186 1418 1282 Virgilii
1446 1210 1526 1259 cur-

468 1305 577 1389 mins,
603 1304 765 1397 quamvis
790 1304 829 1373 in
854 1304 1033 1395 pecudum
1062 1304 1169 1374 modo
1199 1312 1301 1396 peste
1325 1312 1525 1386 versentur,

467 1422 653 1512 plerosque
669 1421 818 1489 lectores
836 1418 1084 1490 vehementius
1099 1418 1300 1511 impellant,
1316 1440 1424 1511 quem
1440 1440 1525 1511 quae

467 1535 506 1604 in
524 1533 709 1605 hommum
727 1533 878 1603 miseriis
895 1534 1050 1623 effundit
1067 1534 1270 1606 Lucretius.

556 1669 694 1735 Labitur
708 1670 828 1749 infelix,
845 1670 1022 1735 studiorum
1038 1686 1136 1757 etque
1149 1671 1314 1737 immemor
1327 1672 1433 1736 herbae

557 1770 665 1837 Victor
679 1794 800 1859 equus3
824 1774 990 1860 fontesque
1004 1773 1167 1852 evertitur,
1183 1789 1216 1839 et
1228 1773 1311 1861 pede
1323 1787 1438 1839 terrm

555 1876 676 1941 crebre
690 1875 773 1939 ferit.
1165 1877 1301 1941 Gnosu.
1318 1878 1388 1941 111.
1404 1879 1478 1947 498

469 2006 548 2078 Aut
564 2006 626 2077 ille
643 2006 688 2077 de
705 2006 795 2076 bove
812 2005 1026 2076 moribundo
1042 2004 1192 2077 fortasse
1207 2007 1422 2099 pulchriore,

554 2170 640 2233 Eece
654 2180 761 2233 sutem
775 2166 858 2231 duro
871 2166 999 2230 fumans
1013 2167 1073 2232 sub
1084 2190 1211 2232 vomere
1226 2180 1338 2232 taurus

555 2268 712 2348 Concidit,
727 2280 759 2333 et
772 2268 907 2332 mixtum
923 2268 1043 2355 spumis
1057 2268 1156 2333 vomit
1170 2292 1224 2334 ore
1236 2291 1392 2349 eruorem,

556 2373 790 2457 Extremusque
804 2370 864 2435 ciet
878 2370 1025 2457 gemitus.
1070 2372 1105 2437 It
1119 2370 1216 2436 tristis
1229 2386 1346 2450 erutor,

556 2473 744 2535 Maerentem
760 2472 937 2559 abjungere
950 2472 1090 2536 fraterne
1104 2486 1205 2537 morte
1214 2473 1400 2561 juvencum,

556 2574 663 2658 Atque
677 2596 772 2659 opere
785 2574 818 2637 in
833 2574 938 2639 medio
952 2573 1057 2640 delixa
1069 2574 1223 2662 relinquit
1235 2590 1350 2640 mm

1163 2678 1301 2743 Gneus.
1317 2677 1389 2741 111.
1403 2676 1481 2741 515.

469 2803 611 2876 norem
635 2784 755 2878 serme'
769 2807 875 2889 redit,
893 2807 989 2900 quon
1011 2807 1058 2879 se
1079 2807 1168 2879 sino
1190 2808 1298 2879 utres
1317 2807 1418 2900 ques
1435 2806 1527 2877 sus

471 2942 573 3004 mus3
600 2943 729 3015 nempe
754 2946 838 2993 eum
863 2932 1067 3014 temporum
1093 2923 1200 2994 modo
1225 2923 1365 2995 ratione
1388 2922 1526 3009 habits,

470 3037 606 3129 proelia,
624 3049 661 3110 et
678 3037 853 3131 expilatus
870 3039 987 3121 urbes,
1004 3047 1043 3108 et
1060 3061 1125 3129 per
1140 3047 1255 3109 totum
1274 3037 1395 3108 Italiae
1409 3036 1527 3130 regio·

470 3175 552 3222 nem
571 3154 758 3224 devastate
772 3177 857 3224 rura
873 3175 1221 3246 narrare-quarum
1244 3175 1365 3224 renim
1385 3152 1526 3222 unicui-

471 3290 541 3358 que
554 3291 638 3338 sane
651 3269 743 3339 inest
756 3268 926 3340 miserum
939 3268 1112 3360 quiddam
1126 3279 1164 3340 et
1175 3267 1344 3361 lacrymis
1356 3266 1526 3362 dignum:

471 3381 534 3452 sed
551 3382 719 3474 quonism
737 3381 901 3453 ordinatu
918 3382 1008 3453 serie
1025 3393 1063 3454 et
1080 3383 1183 3476 quasi
1198 3383 1410 3455 catervatim
1427 3403 1527 3453 com·

471 3504 725 3578 memorentur,
743 3497 873 3567 effectu
891 3498 1102 3590 plerumque
1118 3496 1218 3568 omni
1233 3505 1369 3568 csreot.

521 3609 628 3692 Quod
640 3633 724 3682 vero
736 3611 774 3680 in
791 3612 889 3682 omni
906 3636 1050 3706 poeseos
1066 3635 1198 3708 genere
1213 3611 1416 3707 mvisdmi
1431 3633 1526 3704 prm-

472 3727 567 3819 cepti
583 3726 657 3796 vim
673 3728 792 3811 habet,
809 3728 848 3799 id
865 3740 961 3800 certe
978 3728 1136 3800 scenicis
1153 3728 1383 3821 scriptoribus
1398 3726 1524 3820 preci·

470 3843 755 3939 puaecujusdant
773 3845 996 3916 auctoritatis
1011 3868 1088 3916 esse
1105 3845 1223 3916 debet.
1257 3844 1399 3936 Quippe
1416 3843 1524 3914 detur

471 3957 509 4029 id
526 3959 632 4055 longo
648 3960 816 4054 poemati,
829 3969 872 4031 ut
884 3959 1034 4032 subinde
1046 3960 1094 4031 de
1105 3960 1164 4031 vis
1181 3959 1349 4032 deflectet
1361 3958 1523 4051 scriptor,
