3559 5575
354 172 577 237 Pam„
608 170 861 237 XXXI.
1043 173 1171 237 DE
1220 175 1783 239 PHANTASIA.
2336 173 2464 234 403

526 341 699 422 Quid
729 341 1051 421 miserum,
1084 343 1316 422 AEnea,
1346 343 1625 409 laceras?
1660 345 1797 431 jam
1827 365 2014 430 parce
2044 341 2312 430 sepulto,

531 445 728 507 Parce
756 443 892 530 pias
919 443 1219 509 scelerare
1248 467 1491 509 manus.
1889 444 2052 509 ΕΝ.
2087 443 2231 507 111.
2263 445 2373 510 27.

457 569 623 641 Non
679 571 949 666 exigua
1000 582 1193 644 certe
1247 584 1357 644 est
1402 573 1509 643 vis
1559 573 1636 642 in
1692 570 2069 664 postremis
2116 570 2330 653 hisce,
2373 571 2465 641 de

355 709 528 756 voce
580 688 897 758 humana
957 702 1223 780 praeter
1281 699 1615 759 naturam
1676 689 1966 758 audita:
2020 699 2096 758 et
2146 686 2465 778 profecto

356 803 811 874 arrectiorem
848 806 1077 874 multo
1111 828 1264 876 esse
1298 805 1619 875 animum
1655 804 1940 876 lectoris
1982 812 2158 895 puto
2203 801 2298 873 ad
2340 801 2467 871 illa

354 918 433 988 in
493 918 799 989 Didonis
855 919 1237 1006 furoribus,
1287 943 1446 1013 quae
1503 919 1744 990 mariti
1796 943 2042 991 vocem
2101 927 2319 988 noctu
2375 915 2470 986 ad

356 1037 566 1105 aures
601 1034 754 1127 ejus
799 1034 1204 1126 pervenisse
1248 1036 1554 1130 fingunt,
1591 1059 1810 1128 quam
1856 1035 1918 1106 si
1961 1035 2035 1104 in
2090 1033 2468 1104 simulacro

357 1168 704 1240 perquam
741 1149 1043 1219 terribili
1076 1149 1569 1219 adumbrando
1605 1159 2008 1219 versaretur
2042 1147 2362 1238 scriptor.

535 1275 711 1339 Hinc
740 1276 1027 1342 exaudiri
1056 1301 1241 1342 voces
1273 1291 1339 1343 et
1369 1278 1559 1342 verba
1592 1276 1872 1341 vocantis

538 1377 687 1442 Visa
715 1377 856 1458 viri,
887 1401 1015 1444 nox
1043 1402 1189 1444 cum
1222 1394 1419 1444 terras
1446 1380 1715 1444 obscura
1743 1393 2005 1444 teneret.

364 1499 558 1569 Tum
592 1498 716 1569 illa
751 1522 916 1591 quae
952 1511 1354 1592 sequuntur
1387 1500 1658 1592 optime
1692 1499 2015 1570 animum
2052 1497 2182 1568 tali
2227 1498 2473 1567 morbo

363 1623 768 1706 correptum
827 1615 1190 1696 referunt3
1251 1639 1511 1707 nempe
1571 1624 1655 1686 ut
1705 1616 1971 1700 omnia,
2026 1614 2246 1685 etiam
2309 1635 2473 1705 quae

364 1739 617 1821 sponte
650 1740 725 1801 et
757 1732 953 1801 nullo
989 1731 1332 1802 miraculo
1366 1726 1573 1814 fiunt,
1609 1732 1700 1801 ad
1734 1756 1889 1803 rem
1937 1753 2142 1802 suam
2189 1730 2474 1800 trahere

366 1845 611 1916 soleat.

546 1969 817 2057 Solaque
845 1958 1228 2036 culminibus
1256 1971 1435 2035 ferali
1465 1971 1737 2035 carmine
1770 1958 1945 2034 bubo

546 2072 729 2159 Saepe
756 2073 960 2160 queri,
989 2087 1053 2136 et
1081 2072 1301 2158 longas
1329 2071 1394 2135 in
1423 2071 1641 2136 fletum
1674 2071 1906 2135 ducere
1934 2092 2137 2133 voces.

470 2191 665 2263 Illud
697 2202 939 2263 autem
976 2194 1067 2263 de
1094 2216 1267 2263 voce
1302 2203 1747 2263 mortuorum
1782 2215 1925 2262 non
1960 2189 2341 2260 infeliciter
2375 2198 2482 2259 at-

368 2307 541 2402 tigit
565 2307 869 2378 Ovidius
892 2333 910 2390 ;
946 2318 1021 2378 et
1050 2308 1273 2400 (quod
1296 2331 1460 2378 raro
1485 2308 1655 2378 huic
1681 2319 1914 2400 poetae
1941 2305 2182 2377 evenit
2207 2316 2290 2376 ut
2316 2328 2480 2398 quae

368 2422 700 2492 imitetur
756 2422 830 2492 in
886 2423 1138 2493 melius
1193 2426 1455 2517 mutet)
1498 2422 1736 2494 nescio
1783 2447 1875 2494 an
1928 2423 2086 2516 plus
2137 2420 2479 2515 quiddam

369 2537 773 2609 formidinis
808 2538 1104 2610 definito
1137 2539 1259 2610 illo
1295 2550 1631 2633 certoque
1667 2563 1965 2611 numero
1997 2538 2195 2622 insit,

548 2657 721 2722 Hinc
750 2682 872 2746 ego
900 2681 1001 2722 me
1028 2658 1189 2723 sensi
1221 2673 1372 2724 noto
1398 2671 1624 2747 quater
1650 2683 1759 2725 ore
1789 2661 2001 2726 citari:

720 2761 870 2849 Ipse
900 2784 1054 2828 sono
1086 2762 1262 2827 tenui
1294 2762 1481 2842 dixit,
1513 2762 1743 2842 Elissa,
1775 2765 1936 2830 veni.
2015 2767 2141 2829 Er.
2175 2763 2339 2828 v11.
2372 2765 2480 2833 99.

477 2882 664 2954 Sunt
715 2894 956 2955 autem
1013 2885 1255 2977 aliqua
1310 2884 1387 2954 in
1449 2887 1699 2956 eodem
1750 2884 2042 2978 Virgilii
2091 2886 2267 2966 loco,
2319 2907 2483 2977 quae

376 2996 773 3089 disciplinae
823 2998 1037 3070 toties
1087 2998 1371 3070 iteratae
1416 3000 1632 3069 fidem
1677 2997 1994 3069 faciunt:
2049 3020 2306 3089 nempe
2341 2998 2487 3068 effi-

377 3110 617 3182 cacius
652 3113 882 3181 multo
914 3134 1067 3182 rem
1103 3113 1420 3207 deping-i,
1445 3135 1608 3205 quae
1642 3111 1862 3182 ducta
1894 3111 2063 3182 hinc
2095 3111 2264 3182 inde
2295 3112 2488 3182 linea

378 3226 641 3297 mentis
678 3226 864 3297 vires
906 3226 1145 3299 eliciat
1178 3229 1270 3299 ad
1304 3227 1579 3320 reliqua
1611 3227 2063 3319 perficienda,
2099 3250 2314 3319 quam
2368 3251 2489 3298 cu-

368 3343 493 3435 jus
526 3341 840 3436 imag-ine
874 3342 1182 3413 fruimur
1216 3341 1545 3413 omnibus
1580 3342 1897 3413 numeris
1931 3344 2274 3415 absoluta.

560 3487 756 3565 Vidit,
789 3487 1183 3553 thuricremis
1212 3511 1356 3553 cum
1389 3487 1560 3553 dona
1585 3488 1937 3577 imponeret
1963 3489 2109 3569 aris,

556 3589 971 3654 Horrendum
1001 3590 1177 3656 dictu
1202 3595 1217 3655 Ξ
1267 3590 1479 3656 latices
1507 3592 1853 3679 nigrescere
1883 3615 2124 3667 sacros,

556 3691 857 3778 Fusaque
884 3689 951 3754 in
979 3692 1349 3756 obscoenum
1381 3715 1446 3756 se
1476 3707 1719 3757 vertere
1748 3693 1893 3757 vina
1921 3715 2230 3758 cruorem.

558 3795 706 3858 Hoc
735 3793 939 3857 visum
974 3792 1157 3871 nulli,
1187 3816 1313 3859 non
1343 3793 1463 3881 ipsi
1492 3794 1679 3859 effata
1706 3795 1923 3860 sorori.
1991 3796 2155 3860 ΕΝ.
2191 3797 2309 3858 1v.
2344 3798 2489 3859 453.

385 3922 719 3995 Profecto
756 3923 1076 3994 “latices
1111 3943 1345 3995 sacros
1379 3924 1816 4018 nigrescere”
1849 3934 1924 3995 et
1960 3932 2004 3964 ‘⁶
2029 3923 2195 3993 vina
2226 3921 2300 3994 in
2336 3944 2494 3993 cru-

387 4045 434 4080 “
466 4062 662 4111 orem
687 4039 910 4110 verti”
933 4049 1349 4130 portentum
1371 4050 1480 4110 est
1500 4040 1677 4111 illud
1703 4039 1993 4133 quidem
2017 4039 2494 4123 memorabile,

386 4163 464 4224 et
489 4165 724 4232 metus
760 4156 1094 4248 plenum:
1130 4155 1332 4228 brevi
1355 4165 1599 4226 tamen
1636 4155 2022 4227 admodum
2054 4156 2494 4247 percurritur

1337 4292 1389 4340 D
1429 4272 1473 4340 d
1513 4280 1557 4344 2
