3559 5575
502 90 571 160 462
862 88 985 152 PARS
1008 88 1199 152 TERTIA
1277 89 1389 154 Pnist.
1407 87 1562 155 XXXV.

500 266 665 360 alicujus,
682 271 838 357 negetur
853 261 978 334 statim
995 259 1132 353 aliquid
1148 260 1253 331 istius
1275 261 1329 332 rei
1351 265 1560 355 proprium:

500 382 598 452 unde
615 379 737 450 vivida
751 388 900 470 repente
917 377 958 448 fit
975 387 1014 449 et
1030 376 1223 447 manifesta
1236 375 1446 450 tromlotio.
1475 381 1563 452 Ver·

501 519 581 567 sum
607 495 762 588 aliquem
784 493 1030 586 AEschyleum,
1054 491 1213 584 exempli
1237 517 1358 579 seusa,
1379 497 1563 581 adeamus,

500 612 564 707 qui
580 614 648 684 huc
664 610 783 682 utitur
798 610 926 705 figura.

588 724 802 802 ANATAOE,
816 726 920 805 σαφὴς,
936 721 1035 804 irum
1048 720 1254 786 ΑΓΓΕΛΟΣ.
1344 725 1447 789 ΞΕΡΤ.
1462 729 1521 790 82.

503 839 695 910 Pulverem
729 835 865 907 scilieet
897 833 1127 906 adventantis
1166 834 1349 907 exercitus
1391 835 1564 908 nuntium

502 954 604 1038 dicit,
620 977 691 1025 non
709 953 845 1024 clarum
864 950 971 1022 modo
988 962 1025 1021 et
1042 950 1197 1033 fidelem,
1220 953 1313 1044 (haec
1330 953 1426 1023 euim
1445 953 1483 1026 in
1503 979 1565 1027 ve·

503 1094 584 1142 rum
601 1069 771 1142 nuntium
792 1066 983 1139 convenire
1004 1065 1163 1158 possent)
1186 1067 1250 1136 sed
1273 1076 1413 1138 mutum
1439 1069 1564 1142 etiam.

504 1185 643 1258 Pariter
658 1184 697 1255 in
716 1184 933 1255 Prometheo
950 1182 1153 1273 appellatur
1169 1183 1306 1266 vultur,

547 1309 753 1372 ΑΚΛΗἸῸΣ
767 1304 854 1392 ἕρπων
868 1303 1109 1368 Amnum
1120 1305 1282 1390 πανήμερος.
1310 1308 1425 1370 Ριοιι.
1442 1307 1542 1372 1032.

504 1423 631 1514 hospes
648 1439 732 1502 non,
749 1416 884 1489 otveri
901 1415 1071 1507 hospites,
1088 1423 1249 1488 vocaus.

553 1535 615 1607 Sic
630 1557 754 1605 rursus
771 1533 810 1603 in
823 1531 1098 1626 Agamemnone
1111 1554 1120 1612 ;

687 1648 690 1653 ¹
782 1639 785 1644 ¹
850 1652 1066 1714 Μαντιπολεῖΐ
1082 1647 1149 1714 ἀκί-

676 1771 791 1829 moros
807 1753 1007 1820 ΑΜΙΣΘΟΣ
1021 1756 1167 1818 ΑΟΙΔΑ.
1300 1755 1426 1818 Actu.
1442 1757 1518 1826 987.

556 1881 731 1975 Magnam
763 1879 903 1950 interea
934 1899 1012 1948 esse
1042 1877 1151 1972 hujus
1180 1875 1349 1968 Epitheti
1376 1878 1462 1962 dm,
1488 1903 1562 1951 non

506 1998 612 2070 modo
628 1995 834 2067 Aristotelis
854 1993 1006 2090 judicio,
1027 1993 1089 2064 sed
1113 2001 1300 2087 poetarum
1326 2018 1415 2088 quos
1440 2006 1563 2068 nostra

505 2114 592 2187 tulit
619 2136 709 2208 gens
740 2112 847 2205 longe
875 2109 1091 2203 principum,
1120 2108 1339 2202 Shakesperi
1367 2110 1496 2206 utique
1524 2125 1562 2185 et

373 2225 377 2231 ’
507 2229 665 2314 Miltoni,
681 2251 749 2300 usu
766 2227 1037 2318 comprobatum
1055 2225 1180 2306 vide03
1206 2225 1346 2319 quoties
1372 2239 1563 2300 commotae

506 2345 638 2419 mentis
654 2343 920 2417 vehementium
936 2351 975 2413 et
990 2341 1189 2414 concitatos
1212 2343 1363 2414 affectus
1390 2345 1563 2421 decursu·

507 2464 643 2534 volunt.
693 2459 806 2553 Apud
822 2458 973 2530 Latinos
995 2457 1109 2530 rarior
1134 2459 1212 2553 ejus
1234 2460 1350 2532 multo
1375 2471 1430 2531 est
1455 2485 1562 2532 usus:

506 2577 603 2669 quod
626 2576 762 2669 linguae
790 2574 894 2645 istius
919 2572 1051 2645 rationi
1076 2573 1310 2645 tribuendum
1339 2576 1452 2657 duco;
1478 2599 1563 2648 cum

506 2714 623 2785 neque
639 2689 805 2761 flexibilis
822 2688 870 2759 sit
886 2687 981 2761 sicut
998 2687 1137 2772 Graeca,
1151 2712 1268 2783 neque
1285 2691 1331 2761 ad
1347 2713 1566 2783 componen-

508 2809 571 2880 das
597 2831 699 2880 voces
723 2816 820 2900 apta.
872 2804 1018 2877 Nostrae
1044 2830 1141 2892 vero,
1166 2806 1235 2879 etsi
1260 2806 1425 2881 Graecam
1450 2807 1565 2879 facili-

506 2933 620 2996 tatem
644 2922 833 3007 desideret,
849 2944 922 2993 non
946 2921 1047 2993 deest
1072 2920 1329 3013 particularum
1355 2920 1459 3014 copia
1479 2945 1564 3015 quae

507 3040 687 3113 vocabulis
704 3038 860 3135 negandi
876 3038 951 3109 vim
968 3038 1147 3109 adferunt.

557 3271 681 3364 Atque
698 3272 778 3341 haec
793 3268 940 3364 quidem
957 3270 1130 3341 hacteuus
1154 3270 1203 3341 de
1222 3270 1317 3363 Styli
1343 3272 1564 3344 ornamentis

507 3386 706 3480 disputasse
724 3385 810 3459 sutis
822 3395 920 3457 esto:
939 3385 1041 3479 cujus
1058 3385 1111 3457 rei
1128 3408 1296 3481 magnam
1313 3410 1398 3459 sane
1414 3397 1453 3459 et
1470 3390 1564 3459 mul-

506 3501 665 3594 tiplicem
678 3502 890 3584 docuinam,
901 3510 1058 3573 exeunte
1071 3524 1177 3594 opere
1187 3513 1320 3590 nostro,
1330 3503 1471 3595 plenius
1483 3528 1564 3597 per-

507 3616 680 3712 sequendi
699 3640 817 3709 neque
834 3640 914 3710 spes
932 3616 1021 3689 mihi
1038 3639 1198 3713 unquam
1214 3619 1285 3691 fuit
1302 3642 1369 3692 uec
1388 3621 1563 3693 voluntas.

507 3734 657 3820 Quoties
673 3734 855 3807 enimvero
866 3733 904 3804 in
918 3733 1028 3807 istum
1041 3734 1137 3807 diem
1152 3746 1273 3809 mente
1285 3759 1327 3807 ac
1344 3736 1564 3832 cogitatione

508 3876 565 3924 me
582 3850 745 3949 oonjicio,
761 3874 832 3944 quo
843 3850 896 3921 *nd
917 3852 1010 3923 hanc
1033 3851 1154 3924 sedem
1171 3862 1290 3924 vestre
1312 3854 1564 3927 benevolentia

508 3992 586 4039 sum
610 3978 766 4054 evectus,
783 3977 821 4039 et
843 3968 988 4059 quantis
1011 3977 1091 4041 tum
1117 3969 1211 4041 curis
1237 3969 1321 4065 augi
1347 3972 1496 4043 solerem
1523 3970 1561 4041 in
