3559 5575
115 535 116 542 ’
218 523 343 588 Pur-r.
360 523 432 590 111.
495 563 498 570 ι
556 523 621 589 DE
646 523 961 590 IMITATIONE.
1244 527 1283 591 n

216 697 332 768 fundi
349 707 524 790 oportere,
541 698 654 769 nihilo
671 697 792 770 minus
810 700 942 770 multas
967 699 1077 770 babet
1091 698 1131 770 in
1149 723 1189 770 se
1204 722 1289 774 cau·

218 813 355 899 tiones
366 838 455 908 quas
472 813 622 908 quinon
640 813 860 909 intelligunt,
873 838 934 886 eos
951 815 1107 907 turpiter
1122 837 1289 886 nonnun-

221 932 494 1023 quamhaerere
511 953 553 1002 ac
569 930 642 1001 labi
661 930 786 1002 video:
812 932 901 1002 dum
926 933 1019 1002 bene
1042 929 1228 1025 pingendi
1245 940 1288 1002 ut

219 1049 436 1140 loquuntur,
453 1047 569 1118 laudis
595 1047 730 1140 cupidi,
751 1047 788 1118 in
812 1048 961 1120 alterius
986 1047 1076 1120 artis
1099 1048 1288 1120 arbitrium

222 1187 331 1234 suam
355 1163 586 1246 transierunt,
614 1163 740 1235 alienis
765 1165 914 1236 student
940 1164 1091 1260 legibus,
1113 1175 1151 1235 et
1177 1186 1287 1257 quam

221 1289 370 1371 partem
397 1277 536 1348 caeteris
569 1278 717 1371 obsequi
747 1289 785 1350 et
817 1278 991 1351 inservire
1022 1289 1177 1372 oportet,
1205 1303 1287 1352 earn

223 1414 372 1464 summo
397 1392 516 1464 studio
544 1403 807 1479 consectantur,
832 1405 870 1464 et
897 1393 1031 1487 ubique
1060 1393 1219 1465 eminere
1244 1417 1288 1468 ao

223 1508 409 1580 dominari
426 1508 564 1578 volunt.

268 1623 449 1694 Profecto
472 1622 583 1694 Artes
609 1624 666 1692 bae
693 1622 787 1706 duae,
814 1623 859 1694 de
882 1623 1012 1715 quibus
1035 1623 1226 1717 loquimur,
1248 1621 1287 1692 in

225 1738 392 1832 plurimis
415 1749 512 1811 certe
537 1737 670 1810 similes
696 1761 739 1808 ac
761 1749 937 1833 cognatae,
954 1738 992 1808 in
1016 1738 1197 1810 nonnullis
1217 1737 1289 1808 dis-

226 1854 308 1948 pari
325 1855 470 1927 omnino
484 1865 571 1942 'sunt
588 1864 729 1937 natura,
747 1865 784 1926 et
801 1854 990 1947 disciplina
1006 1854 1171 1950 indigent
1188 1853 1288 1946 peni-

228 1979 290 2040 tus
308 1970 458 2042 diversa.
500 1971 629 2064 Neque
647 1971 743 2041 enim
759 1980 801 2041 ut
819 1969 973 2042 Pictoris
989 1970 1042 2042 ita
1059 1971 1184 2043 Poetae
1202 1979 1288 2041 sunt

229 2096 350 2178 partes
360 2087 500 2183 singula
510 2099 632 2179 aperte
645 2087 877 2182 distinguere,
889 2089 1049 2158 membra
1061 2086 1287 2178 formamque

231 2204 387 2294 explere,
400 2213 437 2274 et
447 2197 549 2297 justa
566 2203 659 2273 mole
676 2225 718 2274 ac
736 2225 904 2272 mensura
920 2202 1063 2272 reterre.
1093 2202 1176 2272 Non
1195 2201 1288 2293 pati-

232 2327 293 2389 tur
304 2321 397 2389 hanc
409 2342 593 2411 operosam
607 2317 871 2390 solicitudinem
884 2317 963 2409 ipsa
975 2318 1128 2388 Poeseos
1141 2327 1286 2387 natura:

233 2455 350 2527 neque
378 2435 498 2505 omnia
526 2434 597 2504 isto
624 2434 730 2504 modo
759 2433 933 2503 elaborari
962 2443 1026 2503 aut
1056 2441 1197 2524 oportet
1224 2441 1288 2501 aut

235 2546 350 2620 decet.
401 2548 498 2630 Quin
525 2546 706 2618 diversum
722 2546 986 2639 quodammodo
1003 2547 1049 2616 ad
1067 2547 1174 2616 linem
1199 2546 1289 2615 alter

235 2665 281 2736 ab
306 2665 419 2734 altero
445 2673 616 2755 spectare,
634 2671 732 2733 certe
756 2660 933 2731 diversam
959 2661 1099 2757 ingredi
1120 2661 1289 2732 videntur

233 2779 342 2850 viam
393 2779 535 2873 Nempe
561 2778 632 2861 Illi,
649 2801 757 2872 quam
776 2777 934 2849 maxime
950 2778 998 2850 ad
1014 2779 1121 2853 fidem
1146 2788 1288 2852 naturae

233 2919 400 2989 expressa
415 2920 465 2979 re,
481 2905 637 2967 mentem
654 2894 856 2966 imitatione
868 2895 1047 2967 delectare
1065 2896 1286 2989 propositum

232 3022 300 3083 est.
354 3012 424 3083 Hic
441 3035 516 3083 rem
534 3035 577 3082 eo
594 3035 708 3106 usque
725 3010 901 3106 depingit,
919 3012 1005 3081 dum
1023 3034 1103 3083 earn
1118 3014 1198 3107 Jam
1221 3013 1288 3083 im-

233 3128 427 3221 perfectam
444 3128 592 3221 arripiat
610 3150 723 3213 mens,
741 3138 778 3199 et
796 3127 868 3198 suis
885 3150 933 3198 ex
951 3128 1062 3220 copiis
1079 3130 1176 3221 quod
1194 3129 1288 3200 desit
1373 3104 1378 3124 ⁴

232 3245 408 3338 suppleat.
461 3246 532 3316 Hic
549 3245 695 3317 admoto
712 3245 815 3338 quasi
839 3246 971 3337 pabulo
988 3246 1085 3317 acuit
1102 3256 1288 3337 provocat·

233 3383 303 3454 que
329 3361 501 3444 animum,
523 3360 589 3431 Ille
613 3370 815 3431 saturatum
839 3360 1003 3431 dimittit.
1057 3360 1168 3442 Tum,
1192 3364 1288 3454 quod

232 3476 435 3547 maximum
452 3485 518 3558 est,
535 3475 603 3546 etsi
626 3474 762 3545 Pictori
788 3498 854 3544 sua
876 3495 1016 3565 semper
1032 3474 1289 3567 qualiscunque

232 3590 311 3662 laus
329 3590 517 3677 constabit,
534 3589 597 3685 qui
619 3589 666 3660 ad
685 3589 872 3660 veritatem
895 3588 1004 3660 etiam
1029 3587 1067 3658 in
1093 3612 1133 3659 re
1150 3590 1288 3686 vulgari

233 3728 278 3776 ac
302 3704 474 3776 vilissima
499 3704 848 3799 appropinquaverit,
866 3705 1017 3775 Poetam
1043 3714 1177 3788 contra,
1197 3704 1288 3777 nihil

233 3821 309 3891 fere
334 3820 404 3891 nisi
428 3822 524 3915 quod
550 3845 615 3892 suo
643 3829 769 3913 sponte
797 3819 932 3914 aliquid
958 3821 1049 3892 feret
1070 3821 1198 3916 gratiae
1222 3832 1287 3894 aut

235 3936 433 4007 venustatis
456 3936 590 4007 imitari
612 3936 771 4018 decebit;
797 3947 834 4008 et
851 3937 1045 4029 saepissime
1062 3938 1114 4022 fit,
1130 3948 1173 4010 ut
1189 3939 1287 4032 qnod

133 4098 136 4104 ι
234 4050 351 4121 laudis
376 4052 495 4124 studio
512 4077 554 4124 ac
570 4076 667 4123 curae
692 4052 875 4136 debeatur,
893 4053 931 4124 id
947 4076 1052 4124 omne
1077 4053 1222 4150 ingenio
1239 4054 1287 4127 sit

234 4165 509 4243 detrahendum.

287 4282 425 4364 Quibus
442 4284 555 4355 causis
576 4277 757 4377 permotus
774 4306 989 4380 magnopere
1007 4308 1066 4356 eos
1084 4284 1205 4355 mirari
1232 4306 1287 4355 so-

235 4398 303 4481 leo,
315 4399 376 4494 qui
395 4400 432 4470 in
447 4400 637 4492 voluptatis
653 4401 749 4489 illius
767 4410 932 4473 naturam
946 4400 1154 4495 diligentius
1169 4399 1287 4491 inqui-
