3559 5575
302 130 553 192 Pam„
586 130 863 194 XXVI.
1007 130 1137 193 DE
1185 128 1801 194 AFFECTIBUS.
2310 131 2435 194 331

300 302 484 374 Aut
518 305 676 373 haec
711 301 1153 396 Theognidis
1191 301 1284 372 ad
1317 325 1485 394 opes
1521 301 1886 395 augendas
1921 303 2345 392 spectantia.

496 438 793 504 Φείδεσθαι
821 440 923 520 μὲν
953 437 1192 521 ἄμεινον,
1224 440 1336 501 ἐπεὶ
1367 439 1486 501 οὐδὲ
1517 438 1720 501 θανόντ’
1752 435 2054 501 &tomice

670 542 891 620 Οὐδεὶς,
923 539 984 618 ἢν
1010 544 1087 622 μὴ
1120 544 1223 626 6ρᾷ
1244 540 1530 626 χρήματα
1556 539 1879 621 λειπόμενα.
1948 537 2117 602 Ibid.
2148 561 2214 625 p.
2244 541 2349 603 38.

304 669 679 764 Ejusdem
707 681 817 741 est
838 668 1197 740 sententia
1223 669 1333 739 his
1361 678 1554 741 certe
1581 669 2022 762 temporibus
2055 691 2184 760 pro
2217 667 2442 759 impia

306 796 398 856 et
433 784 709 855 crudeli
753 784 1022 867 habita,
1055 784 1229 855 licet
1263 784 1472 855 aliter
1505 784 1866 856 veteribus
1916 783 2269 878 plerisque
2327 791 2439 853 est

309 900 586 982 visum,
622 899 711 971 de
749 899 1066 970 vindicta
1099 923 1193 971 ex
1226 900 1550 971 hostibus
1585 901 1953 971 sumenda.
2463 903 2470 911 '

493 1035 606 1098 Ἔν
634 1061 730 1117 μοι
761 1035 949 1100 ἔπειτα
976 1023 1135 1098 vestrm
1162 1035 1351 1121 μέγας
1382 1037 1601 1123 οὐρανὸς
1631 1037 1780 1121 εὐρὺς
1813 1035 2002 1122 ὕπερθε

680 1137 965 1216 Χάλκεος,
995 1137 1283 1220 ἀνθρώπων
1313 1139 1474 1219 δεῖμα
1500 1136 1914 1222 παλαιγενέων,

506 1242 582 1300 Εἰ
607 1241 686 1319 μὴ
711 1235 826 1320 ἐγὼ
854 1241 1029 1299 τοῖσιν
1055 1238 1160 1317 μὲν
1190 1237 1510 1322 ἐπαρκέσω,
1541 1240 1599 1302 οἵ
1617 1266 1691 1320 με
1722 1246 1968 1317 panace,

675 1341 807 1412 Τοῖς
837 1341 880 1400 δ’
910 1341 1124 1422 ἐχθροῖς
1151 1337 1272 1416 ἀνίη
1306 1341 1403 1402 καὶ
1430 1341 1592 1424 μέγα
1619 1341 1756 1422 πῆμ’
1790 1339 2007 1422 ἔσομαι.

1951 1443 2123 1508 Ibid.
2152 1467 2218 1531 p.
2247 1447 2352 1511 35.

323 1570 635 1664 Ajacem
686 1570 978 1663 quidem
1029 1570 1503 1663 Sophocleum
1555 1573 1711 1641 haec
1753 1581 1927 1642 vota
1968 1594 2099 1663 pro
2143 1572 2290 1645 filio
2338 1575 2451 1646 fe-

327 1686 512 1758 cisse
569 1708 782 1756 nemo
842 1686 1319 1758 miratur—et
1376 1709 1506 1779 pro
1568 1689 1915 1781 cujusque
1975 1688 2289 1760 moribus
2353 1713 2446 1760 ea

327 1814 565 1894 poetae
594 1802 886 1898 ingenio
918 1803 1156 1873 ornari
1197 1825 1487 1895 aequum
1533 1803 1884 1874 ducimus·
1984 1802 2096 1876 At
2128 1804 2442 1875 sobrium

332 1941 747 2012 quenquam
781 1929 856 1990 et
889 1917 1180 2003 siccum,
1216 1928 1301 1989 ut
1333 1917 1561 2001 aiunt,
1597 1919 1755 1991 haec
1788 1919 1971 1989 velle
2016 1942 2101 1990 ac
2143 1921 2448 2012 probare

330 2034 708 2107 fastidium
742 2033 956 2127 parit.

439 2150 857 2234 Quinetiam
893 2149 1360 2221 inhumanam
1397 2151 1650 2221 AEneae
1681 2151 2069 2233 feritatem,
2103 2174 2327 2244 quum
2368 2151 2443 2221 in

335 2270 577 2339 hostes
609 2267 1046 2350 interfectos,
1080 2267 1238 2359 ipso
1270 2266 1344 2336 in
1381 2266 1631 2338 mortis
1665 2266 1990 2350 articulo,
2016 2266 2227 2338 dictis
2260 2291 2452 2338 mor·

337 2383 632 2454 dacibus
656 2382 979 2466 insultat,
1001 2404 1371 2476 nunquam
1396 2404 1483 2452 eo
1508 2381 1799 2453 nomine
1824 2382 1995 2454 satis
2028 2392 2447 2455 excusatam

337 2497 581 2581 habui,
632 2498 826 2592 quod
875 2509 1282 2590 temporum
1332 2496 1617 2566 illorum
1666 2496 1959 2590 ingenio
2011 2496 2106 2569 sit
2155 2520 2451 2568 consen·

338 2626 573 2687 tanea.
678 2615 865 2685 Rem
899 2613 1094 2685 enim
1129 2635 1274 2684 non
1307 2613 1412 2683 ita
1446 2610 1740 2682 omnino
1775 2634 1851 2683 se
1884 2612 2237 2696 habuisse,
2270 2611 2448 2705 ipsae

339 2731 944 2804 infortunatorum
996 2753 1155 2822 spes
1203 2740 1279 2801 et
1319 2726 1741 2800 miserrimae
1777 2749 2054 2823 preces
2102 2728 2274 2801 satis
2324 2728 2452 2801 do-

342 2859 532 2919 cent.
635 2846 869 2938 Atqui
932 2846 1058 2916 ubi
1109 2846 1462 2940 insignem
1521 2844 1794 2915 virtute
1846 2845 2086 2915 virum
2140 2845 2251 2916 his
2305 2869 2449 2916 non

345 2963 560 3033 modo
595 2961 920 3031 videmus
969 2959 1348 3031 immotum
1399 2983 1475 3031 se
1525 2982 1799 3054 gerere,
1833 2982 2082 3031 verum
2129 2971 2206 3032 et
2240 2961 2457 3032 mori-

344 3087 549 3149 entes
602 3077 793 3147 ultro
841 3074 1160 3157 irridere,
1211 3074 1440 3169 magis
1496 3075 1796 3145 fortasse
1849 3074 2114 3157 idcirco
2164 3076 2454 3171 angitur

346 3202 635 3285 pectus;
688 3189 902 3261 sicuti
952 3190 1025 3259 in
1074 3190 1226 3261 vita
1274 3190 1434 3281 plus
1485 3189 1811 3260 dolemus
1863 3190 2067 3281 probi
2116 3201 2191 3262 et
2242 3189 2456 3263 amici

348 3307 654 3378 hominis
687 3308 748 3379 si
780 3330 924 3401 qua
954 3306 1226 3379 fuerint
1251 3305 1537 3391 delicta,
1560 3328 1779 3398 quam
1807 3307 2119 3401 vulgaris
2153 3306 2460 3402 alicujus

350 3433 476 3494 aut
526 3425 735 3516 plane
787 3422 1070 3516 perditi.
1179 3422 1618 3516 Hujusmodi
1669 3424 2079 3515 exemplum
2130 3434 2240 3496 est
2272 3423 2453 3496 illud

355 3537 429 3609 in
465 3538 743 3609 decimo
778 3538 1139 3621 AEneidos,

439 3710 565 3773 Per
594 3723 678 3787 te,
711 3731 824 3797 per
852 3709 964 3797 qui
993 3724 1057 3774 te
1087 3708 1275 3774 talem
1299 3732 1575 3797 genuere
1604 3726 1918 3797 parentes,

437 3810 553 3873 Vir
581 3811 886 3898 Trojane,
918 3810 1047 3875 sine
1077 3810 1238 3875 hanc
1266 3812 1561 3890 animam,
1592 3827 1656 3875 et
1684 3809 1973 3876 miserere
1996 3811 2330 3899 precantis.

440 3911 741 3978 Pluribus
767 3913 968 3978 oranti
998 3914 1267 3979 AEneas:
1317 3913 1491 3979 haud
1521 3913 1669 3979 talia
1695 3914 1944 3979 dudum

440 4013 630 4080 Dicta
655 4015 869 4081 dabas·
914 4018 1196 4095 Morere,
1218 4018 1570 4103 etsi-atram
1592 4039 1672 4080 ne
1689 4018 1902 4083 desere
1902 4018 2156 4103 frater.
2204 4040 2264 4080 v.
2297 4014 2453 4086 596.
