3559 5575
507 221 573 284 122
872 206 996 278 PARS
1018 213 1182 280 PRIMA
1363 217 1482 285 Pus.
1495 220 1577 288 IX.

505 393 621 475 illum,
637 386 848 472 Anchisem,
863 385 1048 470 Acestem,
1067 387 1293 460 Evandrum.
1344 390 1391 462 ln
1415 394 1488 466 hoc
1515 397 1578 465 ul·

506 507 597 579 timo
622 527 764 578 summe
788 502 880 574 mihi
902 526 1045 596 semper
1060 503 1139 575 viss
1159 515 1276 576 mtsc
1298 507 1463 597 perfectu
1484 507 1577 579 irni-

506 621 653 693 tntiouis
669 620 805 691 virtus:
831 629 869 690 et
885 642 1094 712 quanquam
1110 620 1254 714 singule
1268 621 1334 691 vix
1349 623 1467 694 nabeo
1482 646 1575 717 qua·

506 760 650 810 csnmm
667 735 722 808 rei
735 735 980 829 quaerentibus
992 735 1172 831 objiciam,
1178 739 1318 830 Justsm
1330 746 1455 809 tumen
1467 751 1575 811 certe

505 853 576 924 viri
599 877 675 945 prae
698 875 757 923 me
774 850 898 922 videor
917 852 1050 922 hebere
1072 862 1112 922 et
1127 851 1284 943 corporis
1305 864 1345 923 et
1360 853 1477 924 animi
1491 855 1572 925 effi·

505 969 615 1065 giem,
627 991 710 1040 cum
723 965 889 1060 perlectis
902 967 1068 1038 omnibus
1085 967 1132 1038 sd
1147 968 1220 1040 iste
1234 969 1384 1040 tandem
1399 970 1570 1052 devenio,

506 1083 570 1157 ubi
594 1083 793 1177 periuncds
818 1080 970 1174 dapibus
992 1092 1031 1155 et
1046 1082 1195 1154 dimisso
1215 1093 1312 1154 ooetu
1329 1085 1569 1157 convivsrum

506 1201 554 1274 sd
570 1203 697 1274 urbem
714 1199 880 1272 redeunt.

982 1335 1060 1401 Ibst
1072 1357 1130 1400 rex
1144 1334 1266 1402 obsitus
1278 1359 1350 1402 mro

592 1445 640 1507 Et
653 1440 798 1506 comitem
813 1440 1047 1526 AEnesnjnxts
1060 1453 1237 1526 nstrrmque
1250 1436 1379 1504 tenebam

594 1541 792 1630 Ingrediens,
807 1541 959 1628 varioque
971 1541 1057 1606 virm
1069 1561 1214 1606 soemoue
1226 1540 1362 1606 levabat

1225 1642 1308 1708 [ΕΝ.
1322 1643 1426 1709 vul.
1440 1645 1520 1712 ³07.

507 1825 512 1834 ·
555 1773 658 1845 Nihil
682 1782 805 1845 nutem
828 1771 868 1844 in
892 1773 1041 1868 reliquis
1064 1773 1240 1858 desidero,
1260 1786 1326 1848 aut
1345 1776 1477 1870 quibus
1497 1777 1564 1849 sd-

500 1888 609 1984 jectis
642 1888 805 1962 meliores
837 1890 967 1962 fierent
991 1889 1109 1962 video.
1158 1891 1233 1962 Sed
1257 1914 1330 1962 non
1357 1891 1467 1962 nimis
1492 1893 1562 1965 hnc

506 2007 642 2078 virtute
663 2005 861 2105 phundnnt,
877 2015 921 2076 ut
936 2016 1079 2077 naturae
1096 2030 1257 2102 congrus
1274 2007 1473 2100 eodemque
1494 2009 1562 2080 mi·
1664 2088 1665 2099 χ

507 2147 575 2195 nus
590 2123 697 2194 obvie
712 2122 751 2192 in
773 2115 1006 2214 donspectum
1028 2132 1284 2214 promoveant:
1309 2123 1380 2194 nisi
1403 2122 1497 2194 forte
1522 2123 1560 2195 in

507 2241 575 2314 hoc
594 2261 745 2314 numero
766 2249 950 2331 ponantur
969 2238 1032 2309 illu
1053 2239 1100 2309 de
1117 2237 1288 2322 Anchise,
1305 2239 1368 2333 qui
1392 2239 1458 2310 filii
1481 2263 1561 2331 pre·

507 2355 606 2428 cibus
632 2357 694 2427 din
721 2354 820 2426 flecti
843 2354 982 2448 nequit,
1006 2364 1049 2424 ut
1075 2355 1182 2426 domo
1205 2369 1245 2426 et
1268 2355 1403 2427 laribus
1426 2355 1560 2428 relictis

507 2470 615 2542 saluti
631 2493 705 2540 suoe
720 2471 894 2540 consulut.
947 2470 1029 2540 Hoc
1045 2493 1112 2564 ego
1128 2471 1159 2540 si
1175 2471 1391 2542 tardioribus
1407 2471 1559 2566 ingeniis

507 2587 626 2658 minus
651 2594 816 2677 apertum
844 2585 955 2657 fuisse
984 2597 1153 2671 statuum,
1182 2589 1383 2680 complures
1410 2587 1560 2659 fortusse

507 2702 658 2772 habeam
683 2700 746 2795 qui
772 2723 913 2772 mecum
938 2703 1118 2775 sentiant:
1143 2702 1175 2774 si
1196 2703 1304 2775 modo
1323 2713 1368 2775 ut
1381 2704 1487 2775 aetsti
1507 2703 1560 2776 illi

507 2838 706 2912 congruum
722 2818 934 2901 collaudem,
949 2819 1104 2891 neminis
1119 2830 1217 2892 certe
1232 2819 1488 2893 dissensionem
1499 2844 1561 2893 rr>

502 2954 597 3003 neor.

558 3046 702 3120 Interes
724 3072 748 3119 s
769 3047 924 3119 Comicis
946 3048 1171 3139 potissimum
1187 3049 1345 3142 petendu
1359 3058 1445 3120 suut
1461 3049 1498 3120 in
1515 3073 1559 3125 eo

505 3184 637 3258 genere
652 3165 830 3257 exemplu,
847 3164 945 3257 quod
960 3164 1159 3257 simplicem
1176 3175 1213 3238 et
1225 3165 1432 3237 interiorem
1449 3164 1559 3236 enimi

506 3289 673 3353 usturam
696 3280 812 3373 sperit
822 3278 835 3363 ;'
857 3291 897 3351 et
911 3303 968 3351 res
991 3279 1030 3350 in
1052 3281 1236 3352 communi
1258 3305 1325 3353 usu
1341 3280 1476 3374 positos
1491 3282 1559 3353 hoc

506 3394 657 3467 artificio
681 3396 783 3467 nobis
807 3395 1059 3467 commendere
1083 3399 1184 3469 solet.
1237 3396 1447 3468 Excelsiorn
1464 3419 1560 3489 quss-

504 3506 592 3577 dem
620 3508 817 3580 meditatur
843 3509 1214 3605 Trngoedin-nmrst
1238 3513 1402 3584 fortunus
1429 3511 1561 3603 princi·

506 3625 873 3715 pum-vehementes
898 3637 998 3700 amnt
1020 3628 1171 3700 effectus
1192 3638 1230 3700 et
1252 3650 1355 3700 ossus
1379 3625 1560 3723 graviores

505 3761 645 3833 -quos
661 3740 748 3812 dum
765 3741 993 3836 prosequitur
1012 3753 1130 3817 totum
1152 3743 1191 3815 in
1215 3768 1254 3816 se
1276 3744 1437 3815 &fixum
1458 3752 1560 3815 tenet

504 3856 715 3949 spectatoris
748 3856 930 3930 animum:
965 3882 1085 3953 neque
1113 3860 1154 3931 id
1181 3859 1366 3932 blanditiis
1394 3858 1494 3931 hisne
1520 3868 1560 3931 et

502 3968 605 4063 qussi
629 3970 804 4045 lenocinio
824 3974 912 4046 artis
936 3975 1065 4047 efficitz
1091 3976 1167 4048 imo
1190 3998 1450 4069 nonnunquam
1473 3998 1497 4046 e
1519 3997 1560 4045 re

503 4084 574 4157 fuit
590 4086 726 4161 evitare
743 4090 836 4162 hanc
859 4091 1002 4165 nudum
1011 4092 1174 4165 veritatis
1197 4091 1364 4187 speciem,
1381 4114 1429 4164 ne
1452 4089 1558 4161 nimis
