3559 5575
371 3 606 138 rut.
635 52 826 117 X1v.
1039 51 1168 116 DE
1215 50 1835 115 AFFEc'rmus.
2359 52 2484 119 195

474 223 581 298 Et
610 225 931 320 profecto
963 223 1023 294 si
1057 247 1170 297 res
1203 222 1312 295 ita
1343 246 1421 295 se
1456 224 1738 306 habeat,
1772 231 1860 293 ut
1893 221 2087 315 quod
2114 220 2482 297 RECTUM

372 344 772 435 appellatur
835 349 912 412 et
968 338 1388 432 simpliciter
1442 338 1763 409 BONUM
1833 358 2063 408 unum
2122 339 2485 432 quoddam

370 479 649 549 semper
680 456 776 527 sit
799 464 1018 548 atque
1051 454 1268 542 idem,
1298 454 1499 526 nulla
1530 462 1941 546 temporum
1968 452 2319 525 varietate
2352 454 2489 523 im-

367 582 754 655 mutatum,
788 570 971 641 nihil
1002 579 1197 642 certe
1230 569 1427 663 poesi
1459 578 1647 644 esset
1682 569 1921 640 minus
1966 568 2347 651 idoneum;
2399 578 2486 641 ut

367 708 533 781 quae
576 685 1052 778 multiplicem
1095 706 1340 755 rerum
1385 693 1631 776 captet
1662 684 1946 769 faciem,
1990 693 2207 779 atque
2247 684 2324 755 in
2371 685 2483 755 his

369 788 710 873 ornandis
744 800 1246 893 variandisque
1287 799 1765 891 utplurimum
1812 800 2109 870 laboret.
2211 801 2486 882 Quam-

370 917 622 988 obrem
651 916 899 1008 inepte
932 914 1322 987 admodum
1359 915 1784 986 Homericos
1818 916 2147 986 nonnulli
2178 924 2488 1008 carpunt

373 1032 594 1120 De08,
624 1042 1004 1124 propterea
1053 1032 1248 1124 quod
1297 1032 1632 1101 humanis
1681 1031 2059 1101 affectibus
2108 1040 2490 1124 torquean-

373 1157 538 1218 tur:
589 1147 785 1240 quod
817 1147 892 1217 ni
930 1154 1138 1228 esset,
1174 1167 1362 1215 unus
1399 1167 1684 1216 necesse
1717 1154 1829 1216 est
1856 1144 2250 1216 exstitisset
2275 1148 2488 1229 color,

369 1284 520 1333 una
564 1284 789 1345 mens,
823 1284 1051 1332 unum
1084 1259 1352 1330 idcirco
1390 1258 1480 1348 (si
1514 1259 1667 1351 ipse
1701 1258 1839 1330 sibi
1872 1270 2197 1332 constare
2232 1260 2491 1332 voluis-

369 1379 509 1472 set)
543 1399 805 1448 nomen
841 1374 1193 1446 omnibus.
1272 1374 1532 1468 Neque
1566 1376 1713 1444 ullo
1747 1374 2122 1446 disertiore
2153 1376 2485 1468 exemplo

369 1494 483 1564 uti
514 1493 754 1578 velim,
788 1515 931 1586 quo
964 1493 1055 1562 ab
1094 1492 1233 1561 hoc
1279 1491 1570 1581 scopulo
1613 1488 1990 1582 imperitos
2039 1490 2482 1582 prohibeam,

372 1630 589 1700 quam
624 1607 918 1680 Miltoni
949 1605 1179 1678 nostri
1211 1604 1480 1676 infelici
1515 1604 1591 1675 in
1632 1607 1770 1676 hac
1816 1628 1895 1675 re
1939 1605 2202 1677 labore.
2306 1603 2483 1701 Spi-

370 1719 567 1792 ritus·
598 1723 890 1815 quidem
925 1722 1274 1794 coelioolas
1309 1744 1452 1792 non
1487 1720 1782 1792 omnino
1816 1721 2191 1793 affectibus
2225 1732 2484 1794 exutos

370 1838 567 1921 fecit,
601 1838 920 1911 maxima
953 1847 1222 1921 tamen,
1257 1837 1598 1931 quoniam
1631 1835 1845 1907 aliter
1875 1836 2033 1907 fieri
2062 1836 2187 1907 vix
2221 1838 2484 1929 potuit,

373 1951 566 2024 inter
599 1976 674 2024 se
706 1953 1196 2025 similitudine.
1302 1950 1552 2022 Deum
1587 1975 1757 2022 vero
1796 1951 2033 2044 ipsum
2080 1954 2481 2025 maximum

373 2077 452 2139 et
485 2077 1004 2159 praepotentem
1039 2066 1200 2161 quis
1233 2068 1428 2142 salva
1461 2066 1734 2158 pietate
1765 2065 1871 2138 ita
1914 2066 2316 2159 exprimere
2359 2093 2485 2162 po-

372 2181 542 2266 tuit,
577 2193 663 2254 ut
695 2184 909 2255 rebus
943 2182 1451 2277 colloquiisque
1484 2181 1869 2253 immisceri
1902 2192 1977 2255 et
2003 2207 2189 2254 unus
2226 2188 2485 2257 multo-

370 2320 535 2369 rum
581 2321 736 2369 esse
770 2297 1134 2370 videretur
1153 2298 1188 2368 ?
1243 2298 1482 2380 Quare
1515 2306 1754 2368 vatem
1797 2297 2137 2371 defecisse
2175 2299 2277 2372 ibi
2322 2311 2482 2373 tan·

366 2414 534 2485 dem
570 2414 1020 2499 confitemur,
1051 2414 1178 2484 ubi
1209 2436 1302 2485 ne
1336 2412 1746 2485 succederet
1779 2437 1894 2485 res
1928 2415 2085 2507 ipsa
2118 2418 2371 2489 vetuit.

465 2529 719 2624 Atque
768 2532 927 2601 haec
981 2528 1272 2622 quidem
1329 2529 1698 2621 praefanda
1746 2530 2095 2624 judicavi,
2142 2556 2285 2605 non
2338 2558 2481 2628 quo

365 2644 681 2737 poeticos
732 2668 964 2716 mores
1015 2644 1398 2716 detrudam
1443 2645 1538 2715 ad
1583 2668 1854 2716 meram
1892 2647 2065 2718 vitae
2103 2660 2484 2722 consuetu-

367 2758 636 2844 dinem,
670 2768 799 2831 aut
832 2759 1364 2853 praestantiores
1397 2782 1517 2831 eos
1553 2782 1768 2853 quam
1802 2762 2000 2833 nuda
2039 2763 2181 2835 fert
2215 2765 2479 2837 veritas

368 2875 609 2971 effingi
643 2875 889 2958 nolim,
922 2875 1049 2946 sed
1081 2897 1173 2946 ne
1206 2898 1422 2968 quem
1455 2876 1746 2948 virtutis
1779 2880 2123 2950 ornandae
2157 2881 2478 2953 studium

370 3002 583 3061 extra
616 2989 791 3060 artis
822 2989 1173 3060 rationem
1206 3001 1283 3061 et
1313 2991 1489 3062 fines
1517 2991 1773 3084 rapiat.

471 3101 836 3198 Superest,
862 3115 948 3176 ut
972 3104 1228 3176 vitium
1260 3105 1441 3177 illud
1476 3107 1785 3177 alterum
1809 3106 1967 3201 jam
1998 3108 2246 3200 paucis
2280 3120 2481 3184 note-

367 3228 490 3291 tur
537 3221 732 3314 quod
779 3221 856 3291 in
908 3220 1134 3293 nimia
1182 3244 1463 3292 morum
1515 3220 1977 3314 improbitate
2026 3221 2479 3320 depingenda

367 3335 680 3426 positum
731 3344 860 3407 est.
965 3335 1396 3408 Rectissime
1447 3358 1616 3407 sane
1670 3336 1998 3429 praecipit
2050 3339 2475 3414 Aristoteles

367 3447 777 3520 criticorum
812 3450 1306 3544 princeps—si
1351 3451 1527 3545 quid
1573 3475 1616 3521 a
1663 3451 1900 3524 medio
1950 3456 2347 3541 recedatur,
2382 3457 2476 3528 ad

367 3564 735 3636 meliorem
766 3567 1007 3660 potius
1049 3590 1268 3661 quam
1316 3568 1408 3638 ad
1453 3569 1770 3662 pejorem
1815 3579 2094 3660 partem
2144 3571 2475 3643 inclinari

366 3692 717 3775 oportere.
818 3682 1080 3776 Neque
1113 3683 1307 3754 enim
1342 3683 1734 3778 quidquam
1776 3707 1906 3754 nos
1950 3684 2185 3757 minus
2232 3695 2472 3757 movet

365 3817 582 3888 quam
607 3796 1097 3889 improborum
1131 3822 1385 3893 poena:
1421 3823 1638 3893 quam
1666 3799 1804 3870 etsi
1838 3799 1991 3872 fieri
2015 3801 2369 3882 laetamur,
2398 3808 2473 3869 et

365 3909 577 3986 avido
613 3912 979 3988 interdum
1016 3916 1258 4003 ‚studio
1303 3937 1622 4000 avemus,
1654 3927 1898 3991 tamen
1937 3916 2031 3993 ad
2063 3917 2470 4009 φιλάνθρωπον

1355 4047 1406 4098 o
1444 4035 1491 4100 2
