3559 5575
392 118 664 179 Patr„
699 111 949 178 XXX.
1000 110 1242 173 PARS
1276 109 1654 174 TERTIA
1688 110 1818 174 DE
1852 110 2204 174 PHANT.
2423 113 2554 177 383

389 312 513 360 ac
572 286 928 358 rationem
976 285 1269 364 volunt;
1318 295 1395 354 et
1439 283 1785 377 quicquid
1837 306 2154 377 unquam
2215 284 2309 356 de
2366 295 2554 370 ortu,

390 401 833 484 connubiis,
885 399 1256 472 discordiis
1306 422 1392 470 ac
1442 399 1645 469 bellis
1692 399 2016 471 Deorum
2068 399 2410 471 somniari
2450 402 2558 472 vi-

394 519 703 588 dentur
737 517 1010 599 Poetae,
1045 514 1123 585 id
1155 513 1327 585 olim
1362 512 1720 606 sapientes
1753 515 2222 610 excogitasse,
2257 527 2344 588 ut
2373 516 2558 587 veri-

395 631 577 704 tati
635 640 914 702 naturae
975 630 1559 725 integumentum
1629 630 1992 723 quoddam
2060 632 2554 703 obtenderent.

400 748 557 820 Sic
594 747 787 817 enim
829 747 1006 832 fore,
1041 757 1126 817 ut
1161 748 1419 841 vulgus
1469 745 1698 841 magis
1749 746 2223 819 admiratione
2272 771 2559 842 capere-

402 876 605 945 tur;
654 863 965 957 reliquos
1017 873 1288 946 autem,
1329 862 1586 956 quibus
1638 862 1869 934 otium
1914 887 2000 935 ac
2033 866 2365 936 voluntas
2409 887 2555 936 non

404 983 748 1066 deesset,
775 980 1049 1074 aliquid
1085 980 1179 1051 ad
1202 978 1535 1050 scientias
1563 979 1948 1071 Physicam
1975 992 2191 1074 atque
2215 981 2555 1053 Ethicam

405 1097 815 1193 pertinens
849 1095 1089 1167 studio
1122 1105 1199 1166 et
1233 1093 1608 1188 diligentia
1641 1094 1812 1167 inde
1853 1096 2344 1188 expetiturus:
2398 1107 2558 1169 tum

410 1211 826 1284 veritatem
877 1211 1107 1303 ipsam
1154 1210 1435 1280 sublato
1480 1209 1687 1301 quasi
1719 1211 1879 1281 velo
1913 1210 2369 1303 patefactam,
2402 1215 2562 1305 pul-

413 1328 799 1401 chriorem
834 1325 1490 1420 elegantioremque
1524 1325 1773 1408 videri,
1809 1348 2028 1419 quam
2075 1327 2136 1397 si
2185 1327 2261 1398 in
2305 1351 2562 1422 propa-

417 1446 602 1517 tulo
638 1443 946 1535 simplex
979 1451 1055 1513 et
1088 1440 1243 1511 sine
1277 1452 1536 1511 ornatu
1570 1451 1912 1542 exstaret.

544 1560 942 1652 Utcunque
975 1567 1219 1629 autem
1255 1580 1368 1627 res
1403 1579 1478 1626 se
1511 1558 1773 1628 habeat
1807 1557 1899 1627 de
1927 1557 2207 1650 Mythis
2233 1569 2559 1631 veterum

428 1674 933 1769 Theologicis,
966 1685 1160 1744 certe
1210 1672 1307 1743 ad
1351 1671 1818 1767 longinquam
1860 1683 2296 1745 vetustatem
2342 1676 2561 1768 perti-

429 1801 630 1863 nent
674 1790 1028 1882 AEsopicae
1077 1812 1243 1883 quae
1288 1797 1638 1858 vocantur
1686 1787 1972 1871 fabulae,
2024 1789 2282 1882 quibus
2332 1792 2562 1863 homi-

432 1929 629 1978 num
686 1903 885 1990 vitia,
936 1927 1231 1990 erroreS,
1279 1903 1611 1995 ineptiaS,
1665 1903 2084 1996 quotidiana
2139 1905 2259 1976 illa
2313 1916 2388 1977 et
2437 1908 2563 1978 do-

437 2022 752 2097 mestica
820 2022 1011 2091 mala
1076 2019 1372 2114 depingi
1431 2019 1657 2089 voluit
1717 2018 2043 2111 scriptor,
2101 2033 2176 2092 et
2235 2045 2564 2093 nonnun-

440 2161 673 2234 quam
714 2135 976 2208 acriter
1022 2135 1354 2207 morderi.
1457 2134 1715 2227 Neque
1762 2134 1936 2205 satis
1981 2135 2224 2207 mirari
2276 2161 2560 2230 possum

443 2265 730 2350 quanta
774 2254 1195 2346 plerumque
1240 2262 1316 2323 et
1347 2250 1583 2346 gratia
1628 2261 1702 2321 et
1735 2252 1976 2342 lepore
2011 2253 2302 2324 condita
2333 2255 2428 2326 sit
2459 2255 2565 2327 fa-

445 2371 647 2455 bula,
697 2380 774 2441 et
822 2390 1037 2462 quam
1094 2377 1263 2459 apte
1321 2376 1710 2459 aperteque
1766 2365 1845 2436 in
1902 2390 2133 2439 mores
2191 2369 2563 2440 hominum

449 2485 854 2560 conveniat.
924 2485 1087 2566 Quo
1113 2483 1332 2554 etiam
1359 2483 1436 2553 in
1470 2505 1733 2577 genere
1767 2484 2153 2574 perfectius
2186 2486 2365 2557 nihil
2399 2487 2564 2571 fuit,

452 2625 678 2695 quam
729 2598 1021 2672 Horatii
1069 2621 1303 2671 sermo
1350 2598 1472 2670 ille
1523 2597 2022 2672 festivissimus
2081 2601 2172 2672 de
2233 2603 2564 2675 Muribus

454 2717 724 2789 rustico
781 2730 858 2789 et
909 2718 1222 2788 urbano:
1276 2722 1686 2811 quanquam
1737 2716 1807 2788 ei
1859 2740 2011 2789 rem
2069 2719 2392 2791 uberiore
2444 2720 2565 2791 filo

459 2834 811 2905 deducere
861 2833 1231 2926 placuerit,
1284 2855 1500 2927 quam
1556 2832 1632 2903 in
1691 2833 2048 2927 plerisque
2105 2834 2566 2927 scriptoribus

459 2950 666 3024 facile
701 2950 862 3044 quis
895 2960 1284 3043 pateretur.

561 3069 677 3139 De
712 3066 823 3138 his
868 3078 1110 3138 autem
1157 3065 1486 3137 omnibus
1532 3065 1803 3158 pariter
1849 3065 2327 3136 animadverti
2375 3066 2567 3151 licet,

468 3207 620 3257 rem
650 3180 928 3255 seriam
963 3180 1263 3253 comiter
1294 3181 1639 3277 etfitcete
1670 3178 1813 3275 agi
1831 3208 1855 3252 .·
1908 3204 2130 3274 quare
2175 3182 2248 3251 in
2293 3183 2568 3254 duobus

472 3302 656 3373 hisce
705 3300 1067 3393 scriptoris
1118 3323 1335 3393 opera
1385 3299 1616 3370 omnis
1662 3307 1771 3370 est
1812 3297 2182 3390 ponenda;
2230 3299 2568 3391 primum,

476 3427 558 3488 ut
598 3417 1025 3490 sententiam
1077 3416 1390 3510 aliquam
1442 3415 1598 3487 istis
1648 3415 2066 3510 ambagibus
2117 3414 2429 3510 dignam·
2460 3418 2571 3489 in-

480 3533 759 3615 tendat3
810 3533 1073 3604 deinde
1118 3543 1203 3603 ut
1236 3532 1451 3603 altius
1484 3534 1644 3603 haec
1676 3531 1753 3602 in
1791 3543 2105 3604 mentem
2142 3532 2569 3607 descendere

482 3649 704 3734 faciat,
737 3659 814 3720 et
847 3650 1182 3741 parabola
1228 3647 1549 3723 adhibita
1599 3659 1729 3721 aut
1774 3648 2269 3722 dilucidiorem
2313 3651 2570 3722 reddat

487 3776 604 3838 aut
625 3766 1145 3862 Jucundiorem.

583 3883 763 3954 Nam
795 3882 858 3954 si
888 3906 1004 3955 res
1038 3905 1167 3954 suo
1202 3884 1515 3975 pondere
1538 3892 1615 3954 et
1640 3882 2070 3954 auctoritate
2095 3882 2355 3965 valeat,
2382 3880 2572 3950 unde

495 4000 989 4070 contrahantur
1018 3996 1371 4093 imagines
1404 4020 1658 4091 parum
1694 3997 1937 4069 refert.
2003 3994 2201 4079 Quid
2226 3992 2419 4066 enim
2446 4002 2574 4065 aut
