3559 5575
514 534 557 601 16
765 529 1056 597 PRAELECTIO
1080 527 1316 594 SECUNDA.

512 709 626 781 solum
644 719 708 780 aut
726 705 931 804 hujusmodi
949 705 1055 777 rebus
1071 703 1253 774 hominem
1271 703 1443 776 delectori
1466 728 1571 797 posse

512 824 733 910 existiment,
750 832 814 895 aut
827 823 1041 914 voluptates,
1055 819 1328 914 quibuscunque
1345 819 1570 893 exsortibus

512 940 685 1022 oriantur,
701 937 910 1035 ignominiae
927 937 1060 1030 pariter
1076 959 1201 1010 omnes
1218 945 1283 1007 cut
1294 959 1475 1030 nugarum
1491 938 1570 1008 loco

512 1056 680 1138 habeant,
710 1057 940 1128 vehementer
973 1052 1050 1125 falli
1079 1052 1259 1123 videntur.
1312 1052 1443 1146 Neque
1471 1053 1567 1124 enirn

506 1173 586 1267 jam
604 1173 825 1266 voluptatem
842 1171 1001 1265 aliquam
1024 1193 1072 1242 ex
1089 1169 1242 1262 Epicuri
1263 1169 1378 1240 hortis
1400 1169 1569 1262 petimus,

513 1308 597 1380 quae
615 1309 713 1358 mero
730 1309 835 1358 sensu
854 1285 1061 1380 percipitur,
1079 1284 1142 1356 sed
1159 1285 1265 1378 longe
1282 1283 1389 1354 aliam
1414 1308 1457 1355 ac
1478 1307 1571 1376 prae-

512 1401 734 1486 stantiorem,
760 1425 831 1495 qua
856 1401 992 1473 scilicet
1013 1409 1195 1471 recreatur
1220 1399 1373 1482 animus,
1396 1422 1478 1470 cum
1505 1399 1569 1470 ali·

513 1519 601 1613 quid
625 1520 835 1612 praeclarum
862 1528 927 1589 aut
953 1516 1183 1612 magnificum
1209 1523 1274 1587 cut
1295 1526 1490 1587 venustum
1514 1516 1569 1586 in-

512 1645 668 1721 tuemur,
693 1659 776 1728 quae
806 1634 966 1706 nascitur
990 1656 1038 1704 ex
1062 1633 1141 1725 ipsa
1166 1631 1316 1702 Pulchri
1342 1631 1460 1726 effigie
1484 1655 1570 1704 con-

512 1751 732 1844 templanda,
749 1774 832 1845 quac
855 1751 1050 1822 affectuum
1076 1771 1148 1820 non
1174 1747 1331 1840 corporis
1357 1758 1458 1819 motu
1485 1771 1569 1818 con·

513 1865 660 1948 tinetur,
684 1889 765 1960 quae
792 1865 889 1936 intus
915 1874 1036 1935 mente
1061 1887 1104 1936 ac
1124 1862 1274 1959 judicio,
1301 1885 1372 1934 non
1398 1887 1568 1936 sensuum

513 1981 616 2074 quasi
633 1980 838 2052 titillatione
856 1980 1027 2051 cernitur.

566 2097 659 2168 Haec
675 2119 759 2169 vero
785 2105 827 2168 ut
852 2119 1068 2190 exponerem
1091 2107 1266 2190 quantam
1283 2096 1357 2166 vim
1380 2097 1512 2168 habeat
1528 2096 1566 2166 in

513 2211 591 2283 vita
623 2211 722 2283 civili
755 2213 1001 2305 componenda
1034 2223 1072 2283 et
1100 2211 1139 2282 in
1167 2211 1365 2283 formandis
1398 2213 1568 2298 moribus,

509 2329 727 2423 jampridem
760 2329 1024 2424 aliquantulum
1054 2327 1141 2399 dedi
1167 2351 1325 2421 operam,
1355 2339 1569 2423 argumenta

514 2468 586 2517 non
612 2455 689 2517 tam
713 2468 734 2518 e
759 2444 878 2518 media
903 2443 1127 2538 philosophia
1150 2444 1344 2536 proferens,
1364 2467 1473 2538 quam
1500 2447 1569 2516 hoc

512 2561 630 2656 ipsum
664 2585 712 2634 ex
746 2585 812 2633 usu
847 2585 968 2634 rerum
996 2571 1106 2654 atque
1132 2561 1356 2653 experientia
1386 2561 1566 2655 colligens

514 2679 621 2759 Quod
654 2677 820 2770 equidem
855 2687 943 2748 tunc
977 2676 1133 2748 breviter
1165 2685 1204 2746 et
1237 2676 1391 2747 strictim
1424 2698 1568 2768 percur-

514 2796 667 2865 rendum
691 2792 909 2875 existimavi,
924 2815 971 2863 ne
996 2792 1117 2885 aliqua
1139 2792 1278 2864 interea
1301 2793 1398 2885 opud
1414 2814 1478 2863 vos
1494 2793 1568 2861 lrae-

514 2918 592 2979 reat
609 2908 657 2979 de
677 2930 736 2977 me
758 2906 922 2999 suspicio,
946 2908 1047 3001 quasi
1073 2907 1257 2979 Poeticam
1283 2920 1399 2979 artem
1424 2908 1567 3000 proprio

510 3025 593 3118 jure
618 3013 879 3111 defraudarem,
897 3035 1005 3118 atque
1029 3023 1126 3095 inter
1148 3024 1356 3096 communia
1371 3025 1459 3096 vitae
1482 3023 1567 3096 orti·

513 3139 595 3211 ficia
612 3140 803 3211 detrudere
820 3140 1000 3212 auderem.

563 3254 648 3325 Jam
666 3276 761 3337 vero,
777 3277 851 3348 quo
874 3279 998 3327 omnes
1021 3255 1052 3326 si
1076 3278 1159 3350 quae
1183 3255 1320 3328 fuerint
1344 3278 1489 3349 prorsus
1513 3256 1567 3327 di·

514 3370 612 3441 luam
637 3369 864 3463 suspiciones,
882 3382 991 3465 atque
1011 3372 1058 3443 ad
1074 3372 1278 3466 argumenti
1296 3394 1473 3443 summam
1491 3372 1566 3443 adi-

513 3496 592 3559 tum
615 3487 784 3582 aperiam,
802 3489 1003 3560 accuratius
1026 3488 1278 3582 inquirendum
1296 3488 1451 3570 videtur,
1468 3511 1566 3582 quae-

513 3626 597 3676 nam
632 3604 678 3676 sit
703 3604 807 3676 istius
836 3604 1085 3676 delectationis
1113 3604 1206 3676 ratio
1230 3614 1428 3677 ornatura
1456 3628 1563 3698 quam

512 3710 618 3789 unice
646 3728 787 3811 oportet
813 3720 852 3789 in
881 3730 1074 3812 conspectu
1103 3742 1235 3812 ponere
1261 3719 1425 3805 Poetam,
1453 3720 1565 3791 etad

513 3842 622 3925 quam
653 3832 764 3904 veluti
794 3834 841 3904 ad
870 3856 1016 3929 scopum
1044 3836 1165 3907 omnia
1192 3836 1281 3907 artis
1307 3859 1383 3907 suae
1408 3838 1483 3908 tela
1510 3836 1565 3907 in·

513 3949 671 4021 tendere.

562 4066 621 4138 Ac
648 4066 936 4163 primoquidem
962 4092 1033 4141 non
1060 4092 1171 4141 unam
1200 4071 1277 4165 ejus
1304 4090 1381 4141 esse
1410 4068 1564 4164 speciem

512 4181 616 4255 facile
633 4183 857 4280 intelligitur,
875 4184 938 4257 sed
954 4187 1091 4257 variam
1114 4196 1152 4257 et
1169 4186 1415 4279 multiplicem.
1467 4186 1562 4257 Nam

512 4298 543 4370 si
565 4299 705 4396 singrda
727 4310 765 4372 et
782 4310 946 4373 veterum
967 4312 1005 4374 et
1029 4301 1268 4374 recentiorum
1294 4311 1461 4395 poemat-a
1483 4324 1565 4393 per-

512 4416 707 4502 volvamus,
724 4440 807 4510 quae
830 4417 950 4511 aliquo
971 4419 1010 4489 in
1034 4442 1186 4490 numero
1205 4442 1379 4490 consensu
1402 4418 1563 4489 omnium
