3559 5575
928 123 1061 201 214
1609 116 1856 182 PARS
1904 113 2355 184 SECUNDA
2584 115 2815 178 ruz.
2847 114 3051 183 va

930 295 1038 370 Et
1070 291 1562 367 dulcissimum
1593 290 1778 361 illud
1811 287 2052 380 Statii,

1107 422 1173 487 Si
1202 421 1305 486 cui
1336 421 1500 484 forte
1529 419 1701 484 domi
1730 432 2027 483 natorum
2052 416 2311 506 gaudia,
2342 415 2395 482 si
2422 415 2570 505 quis

1104 523 1236 588 Hic
1263 537 1466 610 pater,
1497 520 1752 608 angusti
1780 543 1984 609 puero
2012 519 2158 585 date
2187 519 2468 608 pulveris
2494 519 2785 597 haustus,

1105 626 1562 713 Exiguamque
1590 624 1816 718 facem.
2412 623 2644 685 Tuan.
2679 622 2776 685 X.
2809 621 2959 688 426.

929 756 1095 838 Quo
1149 754 1371 826 etiam
1424 752 1501 823 in
1555 775 1819 848 genere
1874 750 2206 823 habenda
2258 760 2369 823 est
2419 751 2713 846 egregia
2761 751 3051 823 Medeae

931 870 1162 942 oratio
1210 870 1287 939 in
1321 867 1836 963 Argonauticis
1870 866 2260 960 Apollonii,
2294 866 2424 937 ubi
2467 867 2561 937 ad
2603 865 2868 939 Aretes
2898 864 3051 939 Re-

929 987 1124 1082 ginae
1176 1008 1417 1081 genua
1469 985 1847 1077 provoluta
1908 982 2318 1078 perfugium
2379 984 2682 1075 supplex
2740 994 2921 1066 orat,
2970 997 3050 1055 et

932 1104 1245 1185 veniam,
1280 1102 1342 1173 si
1374 1101 1552 1195 quid
1586 1099 2004 1171 humanitus
2037 1107 2425 1193 peccasset,
2452 1100 2543 1171 ab
2575 1098 2702 1170 illa
2734 1100 3047 1173 dandam

934 1242 1102 1313 quae
1135 1230 1210 1291 et
1243 1220 1400 1312 ipsa
1433 1220 1648 1290 homo
1681 1229 1887 1291 esset.

1020 1362 1351 1438 Γουνοῦμαι,
1380 1354 1676 1435 βασίλεια·
1722 1356 1797 1419 σὺ
1822 1357 1865 1417 δ’
1895 1355 2067 1431 ἵλαθι,
2096 1351 2235 1436 μηδᾶ
2261 1380 2338 1436 με
2368 1352 2628 1439 Κόλχοις

1019 1457 1268 1543 Ἐκὸᾤης
1293 1456 1341 1543 ᾧ
1366 1459 1536 1543 πατρὶ
1569 1457 1884 1539 κομιζέμεν·
1932 1455 1986 1519 οἵ
2009 1481 2069 1521 νυ
2100 1458 2200 1521 καὶ
2230 1459 2371 1534 adra)

1018 1559 1340 1645 ’ᾼνθρῶπων
1368 1563 1552 1643 γενεῆς
1577 1558 1688 1640 μία
1717 1558 1973 1643 φέρβεαι,
2005 1557 2145 1621 οἶσιν
2174 1560 2227 1633 ὃς
2257 1555 2397 1643 ἄτην

1018 1661 1341 1735 Ὠκῦτατος
1372 1659 1638 1737 audeam
1673 1660 1774 1722 θέει
1806 1659 1917 1758 νᾷος
1942 1658 2357 1747 ἀμπλακίῃσιν.
2424 1662 2683 1760 Aron,-
2713 1660 2833 1730 IV.
2852 1661 3042 1725 1014.

937 1792 1108 1863 Huc
1131 1814 1342 1883 porro
1365 1790 1614 1877 referri
1639 1801 1930 1882 possent
1953 1792 2288 1883 exempla
2312 1792 2495 1877 bene
2530 1793 2761 1863 multa
2790 1814 2889 1863 ex
2920 1814 3047 1863 no-

933 1908 1292 1981 bilissimis
1328 1906 1779 1999 Thucydidis
1813 1906 2149 2006 Liviique
2183 1907 2662 1991 orationibus:
2700 1907 2887 1980 sicut
2919 1930 3046 1979 no-

935 2022 1294 2104 tissimum
1343 2022 1526 2094 illud
1557 2021 1940 2096 Annibalis
1974 2023 2069 2094 ad
2116 2021 2547 2115 Scipionem,
2581 2022 2863 2105 “Quod
2911 2045 3046 2117 ego

938 2147 981 2182 ‘⁶
1014 2138 1124 2213 fui
1175 2138 1268 2211 ad
1316 2137 1846 2223 Trasimenum,
1890 2138 1986 2212 ad
2035 2137 2345 2225 Cannam,
2384 2138 2464 2208 id
2513 2149 2598 2209 tu
2644 2137 2860 2222 hodie
2909 2140 3044 2225 es?

938 2254 1136 2336 Quas
1202 2254 1494 2346 quidem
1561 2253 1941 2336 orationeS‚
1999 2264 2084 2326 ut
2143 2264 2440 2325 caeteras
2507 2277 2702 2336 nunc
2767 2264 3044 2325 taceam

936 2392 1184 2442 earum
1221 2369 1524 2440 virtutes
1557 2369 1757 2440 omni
1787 2370 2002 2441 laude
2037 2369 2315 2464 dignas,
2349 2372 2466 2441 vel
2510 2372 2646 2443 hac
2691 2370 2784 2444 de
2832 2394 3045 2443 causa

937 2484 1157 2559 etiam
1217 2494 1435 2577 atque
1485 2484 1705 2556 etiam
1752 2510 1800 2556 a
1832 2487 2221 2580 juventute
2262 2486 2761 2580 perdiscendas
2806 2488 3041 2570 velim,

937 2600 1131 2694 quod
1185 2600 1258 2669 in
1315 2623 1598 2693 quaque
1654 2625 1732 2671 re
1792 2625 2130 2697 magnam
2184 2604 2705 2678 sententiarum
2759 2604 2909 2688 vim
2970 2612 3043 2674 et

937 2715 1215 2810 copiam
1263 2716 1664 2811 effundant,
1698 2741 1794 2790 ex
1839 2718 2115 2791 intimis
2158 2720 2458 2805 humani
2492 2720 2799 2815 pectoris
2831 2741 3045 2814 pene·

937 2833 1237 2907 tualibus
1271 2834 1681 2907 deductam.

1036 3066 1086 3135 J
1088 3089 1228 3149 am,
1264 3076 1347 3139 ut
1382 3066 1687 3144 alterum
1719 3065 1898 3145 illud
1933 3066 2173 3156 paullo
2207 3066 2621 3162 diligentius
2669 3091 3047 3162 persequa-

939 3205 1123 3267 mur,
1151 3182 1344 3274 quod
1367 3182 1441 3251 in
1471 3182 1746 3254 Priami
1770 3180 2287 3273 supplicatione
2314 3184 2592 3256 elucere
2607 3185 3045 3278 jampridem

939 3295 1118 3378 dixi,
1153 3298 1334 3367 nihil
1384 3298 1553 3368 huic
1600 3296 1850 3391 generi
1894 3306 2005 3369 est
2049 3300 2676 3386 accommodatiuS,
2710 3322 2928 3393 quam
2962 3312 3047 3372 ut

938 3433 1262 3480 sermone
1296 3420 1546 3480 utatur
1571 3411 1873 3503 scriptor
1897 3412 2204 3505 simplici
2231 3424 2304 3484 et
2333 3414 2651 3498 sincero;
2685 3425 3045 3510 caputque

936 3524 1015 3594 id
1068 3548 1219 3596 esse
1279 3526 1454 3596 artis
1511 3525 1889 3621 intelligat,
1942 3538 2026 3599 ut
2078 3553 2434 3623 nusquam
2501 3555 2616 3602 ars
2682 3542 3047 3624 appareat.

939 3651 984 3683 ‘⁶
1018 3641 1666 3712 Commoveaturne
1717 3642 2158 3736 quisquam,’'
2210 3645 2313 3717 ait
2364 3647 2678 3745 optimus
2727 3647 2848 3719 ille
2900 3647 3047 3718 Ro-

939 3781 1174 3830 manae
1210 3757 1635 3850 eloquentiae
1662 3758 1953 3842 vindex,
1981 3771 2027 3802 “
2053 3762 2208 3855 ejus
2241 3762 2554 3846 fortuna,
2580 3786 2795 3856 quem
2831 3763 3052 3834 tumi-

938 3885 983 3918 “
1017 3876 1191 3947 dum
1219 3898 1304 3945 ac
1329 3873 1441 3946 sui
1463 3874 1864 3969 jactantem
1890 3887 1965 3947 et
1992 3878 2447 3949 ambitiosum
2474 3879 2878 3951 institorem
2905 3879 3053 3949 elo-

939 4001 985 4035 “
1017 3992 1337 4086 quentiae
1360 3990 1437 4062 in
1463 3989 1760 4085 ancipiti
1787 4001 1977 4063 sorte
2006 3992 2248 4065 videat
2259 3995 2336 4068 ?’'
2367 3992 2627 4081 Quint.
2644 3991 2708 4068 I
2701 4003 2842 4067 nst.
2863 3995 3047 4068 11.1.
