3559 5575
559 208 784 272 Pan.
817 206 1014 272 xlv.
1220 208 1351 272 DE
1396 208 2029 274 AFFECTIBUS.
2513 214 2666 282 -197

558 403 801 451 veram
833 403 986 451 esse
1020 381 1206 451 hanc
1245 402 1389 450 non
1438 382 1682 452 fictam
1726 381 2382 475 fabulam—neque
2432 393 2666 474 poetae

556 498 767 589 culpa
799 496 1137 567 accidisse
1169 496 1362 588 quod
1394 519 1614 588 supra
1652 496 1947 567 modum
1995 506 2183 568 esset
2218 496 2354 569 viri
2402 498 2668 591 impro-

553 612 762 695 bitas»,
788 612 915 683 sed
947 622 1247 683 naturae.
1317 610 1550 705 Atqui
1585 620 1672 683 ut
1701 612 1989 683 veniam
2025 612 2424 684 Claudiano
2458 638 2668 707 prop-

549 738 752 799 terea
784 727 1095 799 dandam
1132 750 1548 829 censeamus
1585 728 1810 823 (quod
1836 727 2018 799 mihi
2041 728 2330 822 quidem
2356 730 2483 800 vix
2506 753 2668 822 pro-

549 844 733 915 bant
764 846 919 938 ejus
950 844 1297 935 fautores)
1334 843 1731 935 disciplinae
1776 854 2021 915 tamen
2064 843 2203 935 ipsi
2245 867 2465 937 quam
2510 855 2667 916 tue-

552 978 723 1026 mur
755 979 885 1027 sua
923 966 1205 1028 constat
1238 957 1986 1051 auctoritas—nempe
2031 959 2383 1053 ejusmodi
2434 982 2665 1031 mores

557 1092 816 1161 parum
850 1080 1146 1166 tangere
1176 1072 1500 1155 lectoreS,
1531 1070 1836 1166 ideoque
1871 1073 1947 1142 in
1983 1076 2470 1165 spectaculum
2518 1098 2668 1145 am-

558 1184 815 1256 bitiose
846 1186 1150 1279 proferri
1182 1209 1328 1257 non
1376 1186 1657 1257 debere.
1757 1187 2002 1268 Quare
2052 1187 2272 1258 etiam
2324 1189 2668 1261 Satanam

552 1299 792 1392 ipsum
858 1301 1213 1392 superbiae
1282 1300 1510 1397 magis
1578 1310 1707 1372 aut
1767 1300 2110 1372 vindictae
2178 1301 2507 1373 stimulis·
2550 1306 2669 1401 agi

551 1416 769 1487 finxit
822 1417 1199 1499 Minoaue»,
1254 1439 1473 1511 quam
1526 1415 1709 1487 meri
1767 1416 2051 1488 sceleris
2109 1440 2392 1489 amore:
2464 1421 2667 1513 cujus

551 1554 764 1625 porro
795 1532 1151 1604 orationes
1184 1554 1350 1603 cum
1387 1531 1772 1603 Furiarum
1815 1532 2117 1604 concilio
2160 1532 2238 1603 in
2286 1532 2666 1605 Claudiani

555 1647 823 1719 Rufino
874 1647 1183 1719 conferri
1231 1647 1470 1734 velim,
1523 1656 1609 1718 ut
1658 1669 1825 1740 quae
1886 1645 1983 1718 sit
2039 1649 2340 1743 hujusce
2396 1648 2504 1720 rei
2555 1650 2664 1720 vis

550 1773 748 1835 recte
769 1763 1158 1859 judicetur.

655 1879 1103 1962 Quibusdam
1148 1878 1429 1950 interea
1477 1877 1697 1949 etiam
1748 1878 1967 1950 mixti
2016 1878 2296 1973 generis
2347 1881 2665 1971 personis

556 2004 846 2065 tantum
887 1994 1275 2087 aliquando
1323 1994 1516 2077 inest
1558 1993 1751 2077 mali,
1788 2003 1873 2064 ut
1904 1994 2138 2088 figura
2183 1995 2504 2064 humana
2547 2018 2668 2066 eos

558 2109 689 2179 vix
752 2108 1007 2204 dignos
1073 2108 1864 2180 existimemus—certe
1932 2108 2268 2201 gravibus
2326 2108 2667 2201 seriisque

557 2224 773 2308 rebus
830 2222 1141 2293 nolimus
1194 2222 1558 2293 interesse.
1658 2221 1842 2303 Quis
1895 2244 2216 2316 unquam
2277 2222 2666 2293 Pharsaliae

547 2341 784 2409 lector
842 2340 1002 2409 haec
1051 2335 1268 2407 Laelii
1310 2339 1548 2420 verba,
1595 2336 1855 2430 quibus
1900 2360 1977 2408 se
2027 2336 2295 2430 Caesari
2339 2338 2663 2410 deditum

556 2455 956 2547 profitetur,
989 2476 1200 2547 aequo
1233 2452 1475 2523 animo
1506 2452 1794 2543 excepit
1814 2452 1849 2522 ἰ)

730 2618 995 2681 Pectore
1017 2614 1069 2680 si
1094 2614 1307 2680 fmtris
1333 2613 1641 2701 gladium,
1661 2611 2023 2700 juguloque
2043 2612 2317 2700 parentis

728 2718 1018 2784 Condere
1045 2740 1149 2781 me
1166 2717 1419 2805 jubeas,
1449 2715 1779 2804 plenaeque
1808 2715 1876 2778 in
1907 2714 2141 2779 viscera
2171 2730 2354 2802 partu

729 2821 1059 2909 conjugia,
1086 2820 1286 2885 invita
1310 2843 1607 2908 peragam
1640 2833 1847 2883 tamen
1880 2818 2100 2882 omnia·
2119 2818 2363 2883 dextra.

732 2923 801 2988 Si
828 2922 1094 3010 spoliare
1120 2924 1318 3000 Deos,
1350 2922 1688 3009 ignemque
1716 2919 2053 2985 immittere
2082 2919 2351 3006 templi8‚

733 3023 1017 3088 Numina
1042 3022 1326 3088 miscebit
1352 3022 1678 3088 castrensis
1703 3021 1961 3085 flamma
1989 3022 2308 3085 Monetae:

735 3125 958 3189 Castra
985 3147 1173 3210 super
1198 3123 1438 3187 Thusci
1467 3123 1516 3186 si
1544 3146 1776 3212 ponere
1808 3121 2116 3209 Tybridis
2146 3121 2368 3201 undaS,

733 3225 1082 3313 Hesperios
1108 3225 1320 3289 audax
1349 3224 1591 3290 veniam
1624 3237 1890 3291 metator
1919 3223 1984 3292 in
2013 3246 2214 3310 agros,

731 3331 844 3394 Tu
874 3351 1288 3415 quoscunque
1317 3326 1487 3392 voles
1514 3327 1580 3391 in
1609 3326 1872 3414 planum
1901 3324 2223 3390 effundere
2252 3345 2483 3400 muros,

731 3430 857 3495 His
885 3430 1046 3494 aries
1074 3444 1253 3509 actus
1283 3429 1604 3517 disperget
1633 3452 1785 3493 saxa
1812 3426 2090 3492 lacertis:

731 3530 854 3595 Illa
880 3530 1049 3611 licet,
1079 3532 1332 3619 penitus
1362 3529 1495 3595 tolli
1523 3553 1716 3617 quam
1736 3528 1999 3617 jusseris
2029 3527 2274 3604 urbem,

729 3636 939 3699 Roma
966 3634 1070 3699 sit.
2029 3634 2293 3696 Pluma.
2329 3630 2384 3694 1.
2419 3629 2565 3698 376.

557 3812 740 3894 Quae
773 3809 1060 3903 quidem
1100 3809 1430 3880 sicarium
1468 3808 1774 3900 aliquem
1815 3819 1942 3880 aut
1975 3810 2379 3902 praedonem
2419 3809 2659 3900 potius

557 3930 980 4000 sceleratum
1033 3925 1229 4020 loqui
1282 3925 1589 4004 deceret,
1648 3947 1866 4017 quam
1926 3925 2283 3998 exercitus
2344 3925 2653 3994 Romani

556 4044 1057 4135 imperatorem
1092 4050 1166 4112 et
1200 4038 1502 4112 Caesaris
1535 4038 1868 4111 amicum.
1905 4025 1911 4035 ’
1972 4041 2227 4136 Neque
2268 4036 2651 4108 admodum

1535 4172 1586 4222 o
1623 4160 1668 4224 3
