3559 5575
424 171 653 235 Pam„
682 170 1040 236 XXVIII.
1089 172 1334 236 PARS
1367 171 1748 237 TERTIA
1778 173 1912 239 DE
1946 174 2308 239 PHANT.
2411 177 2544 243 357

421 368 626 417 suam
675 345 906 416 inoese
946 346 1392 437 voluptatem
1438 345 1753 438 positum
1800 357 1932 430 est,
1969 369 2383 442 quanquam
2433 348 2542 420 ita

421 471 592 533 sunt
624 461 989 533 interdum
1023 471 1262 554 partes
1295 462 1487 534 inter
1517 486 1592 533 se
1626 463 1986 557 colligatae
2020 487 2105 535 ac
2139 488 2359 557 prope
2404 465 2544 536 im-

420 577 711 669 plicitae,
744 587 830 647 ut
870 577 1186 670 separari
1231 601 1540 670 prorsus,
1573 591 1704 649 aut
1737 578 1953 649 certis
2000 579 2348 675 distingui
2383 581 2543 651 fini-

418 693 552 764 bus
585 693 714 763 vix
766 695 1060 786 possint.
1165 694 1501 787 Namque
1545 695 1654 765 ita
1691 718 1767 765 se
1815 718 1929 765 res
1974 697 2193 767 habet
2229 699 2543 788 plerum-

420 832 586 902 que,
622 819 706 879 ut
742 809 1264 901 pulcherrimus
1309 810 1612 903 quisque
1647 811 2040 882 Poetarum
2085 813 2283 883 locus
2325 811 2541 883 variis

425 935 722 995 ornetur
775 925 1185 1011 virtutibus,
1235 949 1541 1018 quarum
1594 926 1743 996 vim
1802 927 2158 1022 integram
2222 927 2352 998 uni
2400 927 2543 999 for-

426 1051 615 1113 tasse
666 1067 901 1114 causae
955 1042 1276 1135 imperiti
1326 1043 1696 1124 tribuunt3
1749 1053 1878 1114 aut
1925 1043 1986 1113 si
2034 1044 2332 1136 peritior
2381 1044 2542 1137 quis

424 1179 579 1231 rem
626 1158 974 1242 excutiat,
1019 1158 1208 1229 fallit
1251 1181 1417 1229 eum
1466 1181 1985 1252 nonnunquam
2034 1159 2178 1230 ista
2224 1161 2542 1231 colorum

425 1275 631 1368 quasi
675 1275 1020 1358 confusio,
1056 1297 1279 1367 quum
1327 1284 1583 1345 mutuo
1617 1297 1713 1345 ex
1745 1284 2081 1346 contactu
2117 1276 2300 1345 alter
2332 1274 2408 1345 in
2444 1278 2545 1346 al-

422 1389 647 1462 terius
690 1402 1025 1461 naturam
1073 1389 1336 1461 sensim
1384 1392 1619 1473 abeat,
1656 1401 1786 1461 aut
1818 1414 1913 1461 ex
1960 1390 2259 1462 diversis
2293 1392 2544 1463 colori-

424 1506 556 1577 bus
590 1529 776 1576 unus
809 1506 1105 1599 quidam
1140 1506 1540 1576 communis
1575 1505 1945 1577 efficiatur.

528 1622 726 1693 Huic
783 1632 1025 1693 autem
1083 1620 1495 1693 difficultati
1545 1631 1627 1692 ut
1678 1632 2034 1714 quantum
2093 1621 2170 1690 in
2231 1644 2349 1693 me
2401 1622 2542 1694 fuit

426 1761 893 1823 occurrerem,
927 1737 1212 1830 praefari
1256 1740 1448 1809 soleo
1491 1738 1841 1830 exemplis
1877 1760 1992 1808 me
2028 1760 2350 1821 usurum,
2386 1738 2546 1831 qui-

427 1856 559 1927 bus
592 1854 670 1925 id
704 1855 793 1925 de
827 1877 970 1948 quo
1005 1863 1449 1947 quaereretur
1480 1877 1623 1925 non
1661 1855 1891 1925 solum
1929 1853 2056 1924 sed
2095 1854 2541 1947 praecipuum

426 1974 782 2043 eluceret:
834 1993 1068 2063 neque
1103 1994 1221 2041 me
1253 1969 1432 2040 illud
1468 1992 1786 2062 unquam
1824 1969 2037 2064 fugit,
2073 1969 2285 2040 unius
2320 1971 2546 2042 virtu-

428 2088 523 2161 tis
546 2088 696 2158 vim
731 2086 1026 2157 alterius
1061 2086 1333 2156 auxilio
1367 2085 1614 2177 perfici
1648 2109 1838 2177 saepe
1866 2095 2084 2177 atque
2110 2085 2381 2180 augeri,
2402 2110 2547 2178 qua

429 2202 731 2285 divulsa,
768 2224 1026 2272 manca
1058 2224 1142 2272 ac
1175 2200 1429 2273 debilis
1471 2210 1795 2271 maneret
1828 2199 2125 2293 reliqua,
2162 2212 2291 2271 aut
2324 2202 2542 2273 etiam

428 2319 756 2391 funditus
786 2317 1076 2412 periret.

532 2432 654 2505 Sic
689 2432 1246 2504 IMITATIONIS
1279 2440 1519 2521 partes
1552 2451 1718 2500 cum
1752 2430 2160 2502 Affectibus
2194 2442 2269 2502 et
2305 2432 2547 2503 Phan-

428 2549 613 2620 tasia
644 2573 798 2620 esse
830 2549 1251 2642 conjunctas
1285 2545 1551 2617 diserte
1584 2545 2010 2618 statuimus:
2046 2547 2313 2641 quippe
2346 2571 2546 2620 mera

428 2664 832 2736 imitatione
866 2686 1123 2756 parum
1159 2661 1497 2733 delectari
1535 2661 1881 2744 homines,
1917 2662 2055 2733 nisi
2090 2675 2218 2736 aut
2242 2687 2358 2736 res
2385 2665 2544 2736 visu

429 2780 880 2852 admirabiles
916 2779 1244 2851 imitetur
1276 2789 1512 2871 poeta,
1539 2789 1666 2850 aut
1700 2779 2138 2874 cogitatione
2161 2782 2545 2875 jucundas,

430 2906 560 2969 aut
594 2897 685 2967 ad
720 2898 1057 2967 affectum
1095 2896 1405 2988 aliquem
1444 2894 1954 2981 concitandum
1989 2895 2324 2968 idoneas:
2361 2909 2543 2982 tum,

431 3010 570 3088 nisi
603 3011 709 3081 ita
743 3033 952 3101 porro
996 3020 1471 3102 comparetur,
1509 3020 1591 3080 ut
1626 3034 1829 3081 mens
1874 3033 1926 3080 a
1976 3006 2201 3082 dictis
2245 3008 2356 3082 ad
2398 3034 2544 3083 non

430 3123 635 3197 dicta
671 3132 1032 3208 transeat,
1064 3136 1140 3196 et
1174 3149 1302 3198 suo
1340 3135 1537 3197 motu
1575 3137 1793 3219 atque
1827 3128 2343 3200 exercitatione
2377 3152 2546 3200 con-

431 3245 762 3315 calescat.

528 3359 645 3429 De
696 3358 1238 3429 Arrncwmus
1295 3379 1540 3427 rursus
1600 3379 1742 3428 non
1803 3358 2023 3429 semel
2077 3370 2187 3430 est
2244 3359 2544 3446 dictum,

431 3490 607 3547 tunc
639 3498 760 3546 eos
793 3473 1245 3567 potissimum
1283 3472 1576 3558 moveri,
1612 3472 1671 3544 si
1705 3497 1819 3544 res
1861 3474 1954 3546 ad
1988 3474 2365 3548 veritatem
2418 3502 2545 3551 na-

431 3600 618 3662 turae
651 3590 870 3662 fuerit
905 3613 1263 3684 expressa,
1298 3589 1359 3660 si
1392 3612 1635 3661 coram
1680 3589 1926 3663 adesse
1963 3592 2342 3666 videantur
2384 3618 2546 3686 per-

432 3729 651 3790 sonae,
685 3706 747 3776 si
778 3706 1087 3799 denique
1121 3730 1206 3776 eo
1240 3728 1466 3798 usque
1501 3706 1924 3798 processerit
1956 3706 2290 3791 imitatio,
2318 3707 2545 3781 donec

431 3822 731 3894 lectores
777 3824 1009 3893 multa
1054 3844 1296 3892 secum
1343 3821 1550 3893 taciti
1583 3822 1861 3918 fingant
1895 3833 1971 3896 et
2003 3824 2343 3920 cogitent,
2377 3847 2543 3915 quae
2619 3916 2628 3926 ἱ

432 3937 506 4007 in
543 3948 873 4030 poemate
907 3938 1142 4009 locum
1180 3961 1322 4009 non
1359 3939 1651 4009 habent.
1757 3940 1977 4022 Tum,
2015 3933 2420 4011 Sententiis
2457 3939 2546 4011 iis

436 4054 752 4126 maxime
803 4077 931 4125 nos
978 4053 1208 4125 teneri
1259 4077 1424 4147 quae
1473 4056 1748 4150 grande
1784 4055 2070 4148 aliquod
2107 4063 2235 4126 aut
2270 4056 2548 4146 magni-

1392 4190 1446 4238 A
1484 4195 1528 4240 a
1563 4177 1607 4241 3
