3559 5575
273 512 389 578 Puer..
405 513 477 576 111.
606 516 671 579 DE
696 516 1004 583 IMITATIONE.
1286 519 1329 588 89

271 709 404 781 genera
429 696 514 760 sunt
538 689 748 773 referendae,
771 713 792 760 e
815 689 944 784 quibus
968 688 1113 760 ducitur
1135 691 1197 762 illa
1221 691 1329 763 toties

228 809 232 814 “
272 803 463 874 decantata
482 803 677 876 Poetarum
695 805 867 877 imitatio.

322 919 392 989 Est
415 919 510 990 enim
537 921 661 992 autin
686 922 845 992 extemis
873 921 1004 1013 posita,
1026 919 1142 1012 iisque
1163 923 1329 993 omnibus

272 1034 510 1106 describendis
536 1060 618 1128 quae
642 1037 880 1130 subjiciuntur
907 1037 1080 1119 sensibus,
1105 1048 1169 1106 aut
1196 1039 1232 1106 in
1262 1041 1329 1108 hu-

272 1151 387 1220 manis
421 1152 588 1235 moribus,
624 1153 823 1238 sententiis,
854 1153 1043 1224 affectibus
1073 1153 1328 1244 exprimendis,

272 1274 337 1336 aut
353 1265 507 1358 denique
525 1269 571 1338 nd
588 1271 793 1360 exemplum
808 1269 894 1339 vitae
911 1278 1026 1339 totam
1044 1267 1214 1363 fingendo
1225 1269 1328 1340 fabu-

272 1382 345 1451 lam
363 1392 568 1474 occupatur,
586 1384 762 1454 nectendo
779 1406 904 1454 causas
924 1384 1115 1475 exitusque
1139 1407 1272 1468 rerum,
1290 1394 1328 1456 et

272 1519 504 1590 personarum
521 1499 684 1570 fortunas
701 1522 743 1569 ac
761 1499 855 1569 vices
873 1498 1101 1569 moderando.

323 1613 486 1694 Quorum
504 1615 550 1685 de
568 1613 718 1709 singulis
731 1635 814 1685 cum
832 1613 921 1685 mibi
940 1613 1160 1706 propositum
1177 1615 1328 1685 babeam

272 1728 440 1822 deinceps
457 1729 587 1814 dicere,
604 1753 720 1823 pauca
731 1731 811 1824 Jam
832 1729 877 1801 de
900 1729 1017 1822 primo
1033 1730 1121 1800 libet
1138 1753 1329 1822 apponere,

271 1869 344 1916 non
360 1845 458 1940 quod
483 1855 738 1942 argumentum
763 1846 920 1938 locuples
937 1869 980 1916 ac
1001 1846 1147 1938 plenum
1165 1845 1328 1916 hocloco

272 1961 416 2053 penitus
438 1963 619 2034 absolvere
645 1984 795 2055 sperem,
813 1971 936 2033 tamen
957 1972 999 2032 ut
1021 1962 1197 2033 rationem
1215 1982 1329 2052 quan-

272 2075 356 2146 dam
381 2075 569 2148 instituam
587 2100 709 2149 eorum
727 2101 811 2171 quae
836 2078 984 2169 posthac
1008 2075 1184 2169 copiosius
1208 2098 1328 2167 perse-

272 2192 336 2285 qui
353 2192 472 2263 velim.

323 2309 411 2380 Fuit
428 2311 495 2379 hoc
512 2309 657 2402 quidem
682 2333 821 2403 semper
837 2311 995 2382 Poeticae
1017 2309 1088 2380 arti
1113 2309 1240 2380 honori
1264 2310 1325 2378 ha-

273 2425 401 2507 bitum,
418 2425 514 2518 quod
539 2425 639 2495 vivas
664 2426 839 2518 imagines
866 2425 985 2494 animo
996 2424 1193 2518 depingat,
1209 2433 1247 2494 et
1268 2425 1329 2493 ab·

275 2539 389 2610 sentia
406 2539 509 2632 quasi
526 2540 593 2609 sub
609 2553 801 2630 conspectu
822 2549 944 2630 ponat,
961 2563 1005 2609 ea
1022 2539 1192 2609 nimirum
1210 2542 1329 2633 cujus·

274 2677 345 2748 que
369 2653 423 2725 rei
447 2652 618 2747 adjuncta
642 2653 753 2725 menti
781 2652 991 2747 objiciendo,
1013 2677 1096 2746 quae
1119 2654 1149 2724 si
1173 2678 1227 2724 res
1249 2654 1328 2746 ipsa

273 2792 391 2840 curam
421 2778 526 2851 esset,
553 2778 784 2841 cernerentur
810 2767 932 2839 oculis.
984 2767 1091 2851 Quod
1118 2768 1202 2839 licet
1229 2768 1326 2840 idem

272 2908 413 2979 quoque
440 2882 487 2955 sit
511 2883 550 2954 in
575 2884 721 2978 reliquis
744 2885 915 2967 sensibus,
936 2893 1058 2954 tamen
1081 2908 1125 2955 ea
1141 2908 1223 2978 quae
1242 2885 1325 2984 yisu

272 3000 471 3093 excipimus
496 3001 615 3073 nescio
640 3025 712 3095 quo
738 3012 844 3092 pacto
872 3000 988 3071 acrius
1012 2999 1119 3072 ferire
1147 3000 1327 3088 videntur,

272 3115 450 3209 altiusque
475 3116 512 3186 in
537 3127 695 3189 mentem
713 3117 938 3199 descendere,
954 3139 1063 3208 quam
1081 3139 1164 3209 quae
1181 3117 1327 3187 auribus

273 3231 458 3325 tactuiqne
483 3232 712 3325 objiciuntur.
763 3232 1019 3314 Quamobrem,
1045 3243 1087 3302 ut
1116 3234 1327 3325 plerumque

273 3346 326 3425 lit.
342 3347 380 3416 in
397 3346 593 3418 infirmiora
608 3350 727 3418 valere
747 3370 878 3417 nornen
905 3345 1127 3437 potentioris,
1143 3348 1196 3418 ita
1212 3357 1327 3418 totam

273 3462 367 3532 banc
389 3462 464 3532 vim
481 3484 553 3553 qua
577 3484 649 3532 non
676 3461 782 3531 modo
805 3458 1000 3530 visibilium
1026 3460 1089 3529 sed
1110 3482 1230 3530 rerum
1254 3484 1329 3531 om·

274 3577 375 3649 nium
401 3576 593 3647 simulacro
609 3575 813 3648 efficiuntur
829 3570 1040 3645 describere
1065 3584 1102 3645 et
1123 3570 1329 3671 depingere

274 3695 508 3786 appellamus.

324 3808 497 3903 Magnam
515 3807 638 3901 itaque
655 3807 770 3901 poetis
788 3830 870 3878 cum
888 3806 1083 3900 pictoribus
1106 3807 1328 3883 intercedere

273 3923 571 3995 necessitudinem
586 3922 671 3995 satis
685 3933 845 4004 constat;
869 3946 952 4017 quae
965 3923 995 3994 si
1012 3923 1081 3995 rite
1094 3923 1328 4020 intelligatur,

273 4062 345 4110 non
372 4062 499 4132 parum
527 4041 685 4112 conferet
713 4040 760 4111 ad
787 4041 879 4111 hanc
906 4039 1021 4132 operis
1051 4052 1188 4133 partem
1217 4064 1325 4135 quam

274 4164 469 4227 tractamus
482 4156 754 4249 expediendam.
781 4156 923 4249 Nempe
942 4156 1003 4227 ubi
1019 4155 1057 4226 in
1075 4158 1235 4231 externis
1250 4182 1329 4229 ver-

274 4281 374 4341 satur
399 4271 533 4355 Possis,
550 4273 674 4343 eadem
701 4272 861 4365 utrisque
886 4274 1046 4368 subjecta
1069 4284 1124 4345 est
1148 4273 1327 4357 materies,

273 4385 370 4457 idem
383 4388 566 4479 exemplar
584 4398 723 4459 naturae
739 4387 974 4482 propositum,
989 4388 1114 4459 eadem
1128 4390 1203 4459 fere
1215 4389 1327 4480 justoe

645 4572 650 4579 ,
706 4506 719 4529 “
768 4508 838 4572 nl
