3559 5575
481 156 546 226 294
822 151 945 216 PARS
968 149 1190 215 SECUNDA
1256 149 1371 211 Pur..
1387 148 1546 212 XXIII.

481 351 562 422 quae
588 335 733 419 propter
757 326 829 396 vim
856 348 958 396 suam
985 335 1023 395 et
1046 322 1262 395 brevitatem
1286 321 1326 392 in
1352 321 1544 415 proverbia

481 441 592 514 ferme
610 443 754 512 abeunt.

569 586 653 652 Scire
669 585 780 649 volunt
796 599 915 650 secreta
928 583 1054 665 domus,
1069 599 1167 671 atque
1179 583 1255 647 inde
1270 581 1386 648 timeri.

1137 685 1161 750 J
1163 707 1222 752 uv.
1239 687 1321 750 Sar.
1338 685 1495 750 111.11a.

568 810 666 876 Aude
681 809 802 897 aliquid
817 809 968 874 brevibus
983 809 1102 896 Gyaris
1115 825 1148 874 et
1162 833 1287 875 earcere
1300 811 1445 898 dignum,

569 914 603 979 Si
617 913 665 977 vis
678 936 744 978 esse
758 911 889 998 aliquis:
914 911 1065 976 Probitas
1078 912 1246 994 loridotur,
1259 922 1291 977 et
1303 913 1402 1000 alget.

1326 1013 1380 1078 lb.
1396 1013 1424 1078 1.
1440 1013 1496 1079 te.

572 1141 627 1206 Nil
640 1139 737 1206 habet
751 1138 860 1202 infelix
875 1153 1046 1225 paupertas
1060 1137 1173 1202 durius
1186 1138 1220 1203 in
1234 1163 1268 1204 se

570 1246 674 1322 Quam
689 1240 776 1329 quod
792 1239 942 1305 ridiculos
955 1239 1098 1304 homines
1111 1240 1198 1306 facit.

1265 1343 1316 1408 lb.
1333 1342 1406 1408 111.
1421 1346 1497 1409 153.

484 1475 591 1543 Certe
614 1471 698 1540 huic
722 1469 898 1540 scribendi
918 1468 1044 1564 generi
1060 1468 1260 1562 praesertim
1278 1470 1447 1541 convenit
1462 1473 1543 1542 bre·

484 1610 545 1658 ves
562 1597 600 1657 et
613 1595 737 1656 acutas
755 1583 800 1653 de
818 1583 872 1653 his
890 1585 997 1655 rebus
1013 1584 1211 1656 sententias
1227 1585 1406 1678 proferre:
1424 1609 1542 1679 neque

484 1704 619 1794 Lyram
630 1702 676 1772 ab
688 1699 815 1769 iisdem
829 1721 971 1790 prorsus
984 1700 1150 1794 refugere
1161 1722 1245 1770 cum
1259 1700 1406 1772 Horatii
1416 1725 1543 1794 quam·

484 1818 638 1913 plurima
663 1828 742 1889 tum
769 1815 919 1885 Pindari
944 1838 1087 1909 quoque
1112 1818 1285 1886 nonnulla
1310 1817 1440 1889 docent
1465 1841 1543 1888 oar-

485 1934 593 2005 mina.
645 1931 858 2025 Epopoeiam
878 1930 996 2001 minus
1013 1931 1163 2013 deceut3
1189 1931 1260 2002 nisi
1277 1933 1422 2025 quaudo
1437 1957 1486 2004 ex
1500 1957 1542 2006 re

484 2053 580 2123 ultro
603 2049 701 2120 nasci
718 2047 900 2133 videntur,
916 2058 953 2118 et
978 2070 1099 2118 mores
1119 2047 1271 2142 alicujus
1293 2047 1447 2120 dicentis
1467 2073 1541 2122 non

484 2177 602 2258 poetae
627 2165 738 2257 ipsius
769 2162 954 2258 ingenium
983 2162 1190 2254 praedicare.
1241 2163 1363 2245 Quare
1387 2165 1479 2234 bene
1504 2188 1543 2236 se

485 2281 619 2352 habent
635 2280 705 2350 ista
722 2277 900 2359 Curionis,
918 2277 1099 2349 Caesarem
1122 2278 1169 2348 ad
1192 2278 1379 2371 inceptum
1401 2278 1541 2351 facinus

486 2395 730 2490 peragendum
747 2392 945 2474 hortantis;

572 2533 662 2596 Dum
677 2529 835 2617 trepidant
852 2529 940 2594 nullo
953 2531 1086 2597 firmatae
1101 2531 1214 2598 robore
1227 2551 1344 2620 partes,

573 2631 666 2697 Tolle
681 2653 800 2696 moras:
824 2651 947 2718 semper
960 2635 1068 2699 nouat
1081 2635 1212 2722 defferre
1219 2637 1364 2722 paratio.

1229 2739 1360 2804 Puera.
1376 2739 1407 2805 1.
1422 2741 1498 2805 280.

486 2859 603 2953 Atqui
615 2859 653 2929 id
665 2880 791 2952 parum
807 2882 828 2929 a
842 2858 992 2930 Lucano
1005 2871 1153 2931 cautum
1166 2859 1276 2931 fuisse
1292 2862 1423 2954 saepiua
1439 2863 1543 2956 queri

487 2978 651 3058 solemus
662 2997 743 3045 cum
758 2974 854 3045 inter
865 2973 1078 3069 gravissima
1090 2974 1235 3070 negotia
1251 2985 1287 3047 et
1301 2977 1463 3049 fortunas
1476 2978 1544 3048 du·

488 3116 569 3165 cum
596 3102 703 3185 atque
726 3089 930 3183 principum
953 3090 1123 3185 dogmata
1141 3092 1306 3183 quaedam
1324 3104 1390 3164 aut
1405 3093 1544 3165 ratiun-

487 3210 584 3278 culas
601 3205 787 3278 ambitiose
804 3204 957 3299 ingerat,
974 3205 1071 3275 uude
1087 3229 1110 3275 a
1126 3203 1247 3276 fabula
1264 3206 1311 3276 ad
1331 3207 1543 3300 scriptorem

486 3332 745 3413 retorquemur,
762 3322 865 3414 cujus
881 3320 1053 3391 nimirum
1071 3320 1116 3392 de
1133 3331 1255 3393 mente
1272 3333 1380 3416 atque
1396 3322 1545 3419 ingenio

485 3434 663 3531 judicium
680 3444 735 3505 est
752 3434 951 3505 ferendum.
1003 3434 1105 3505 Utin
1124 3434 1191 3518 his,

705 3612 793 3675 Dum
810 3627 894 3676 terra
906 3612 1035 3691 fretum,
1051 3628 1230 3700 terramque
1244 3614 1361 3679 levabit

578 3717 657 3790 Aer,
673 3729 705 3777 et
718 3712 805 3800 longi
818 3712 946 3778 volvent
962 3714 1081 3779 Titana
1095 3715 1227 3795 labores,

576 3816 715 3901 Noxque
730 3814 813 3879 diem
825 3814 905 3879 ooelo
919 3814 1051 3880 totidem
1066 3840 1124 3905 per
1138 3816 1228 3904 signa
1242 3829 1411 3901 sequetur3

577 3916 675 3983 Nulla
688 3916 766 3981 fides
780 3916 868 4004 regni
884 3918 984 3998 sociis,
998 3918 1163 4007 omnisque
1178 3932 1315 4007 potestas

579 4018 752 4107 impatiens
765 4019 917 4084 consortis
930 4020 998 4085 erit.
1248 4024 1382 4086 Purus.
1400 4022 1429 4088 Ι.
1443 4026 1499 4092 89.
