3559 5575
43 123 56 181 η,
164 98 280 162 rm.
297 74 346 162 n.
518 95 921 160 nn1M1nnr1ons.
1162 95 1226 160 ιοο

43 321 54 364 5
162 289 394 362 nequaquam
411 277 532 339 tamen
552 267 754 340 subtiliores
770 266 850 340 illos
867 290 991 340 sensus
1013 266 1225 360 expediunt,

44 470 51 479 .
162 383 231 477 qui
247 385 292 454 ab
308 393 392 455 ortu
407 382 583 474 usquead
602 383 743 453 exitum
760 382 813 453 rei
831 382 923 452 miro
934 381 1061 452 ordine
1072 393 1111 454 et
1122 382 1227 475 quasi

43 555 48 578 ;
163 498 313 570 alternis
323 497 460 568 vicibus
474 497 678 583 subeuntes,
689 521 810 568 amore
824 520 866 567 ac
877 496 1104 568 solicitudine
1117 520 1227 567 vexa·

43 673 46 712 ‡
163 623 247 683 turn
264 626 389 704 pectus
406 611 625 704 opprimunt.
676 611 822 693 Quanta
840 634 888 682 ex
907 614 974 682 hoc
998 633 1126 702 campo
1144 612 1224 705 jam

43 788 47 794 ,
164 727 367 797 excreverit
381 749 482 820 seges
498 726 636 796 nemini
652 726 690 795 in
707 727 822 818 poetis
835 728 894 796 vel
907 725 1135 796 mediocriter
1146 750 1225 797 ver·

44 823 47 829 ⁸
165 849 246 911 sato
270 864 344 930 non
369 841 505 933 liquet:
532 862 605 933 quo
626 841 737 911 etiam
760 841 875 935 magis
898 841 1019 912 mirari
1034 841 1130 924 licet,
1146 864 1224 912 rem

44 1021 47 1030 .
166 954 259 1024 adeo
281 952 474 1024 fecundam
498 962 536 1024 et
552 954 766 1046 locupletem
783 953 922 1026 tamdiu
946 957 1148 1049 neglectam
1167 956 1226 1049 ja-

168 1067 297 1138 cuisse.

219 1180 390 1252 Profecto
418 1179 651 1273 Apollonium
681 1180 802 1274 (quem
836 1180 961 1273 iniquo
990 1179 1227 1262 Quinctiliani

167 1296 347 1369 sententia
358 1291 577 1391 aquatilem
591 1295 698 1367 modo
711 1306 749 1368 et
762 1291 981 1366 mediocrem
993 1295 1117 1366 haberi
1130 1317 1228 1388 regie

167 1411 257 1507 fero)
268 1414 337 1483 hnc
349 1411 387 1482 in
401 1421 503 1504 parte
516 1411 666 1482 summis
679 1412 829 1484 enixum
840 1434 917 1482 csse
925 1409 1060 1481 viribus
1071 1410 1225 1494 videtur,

168 1537 214 1610 et,
227 1550 303 1598 uno
315 1526 468 1621 Virgilio
485 1536 649 1619 excepto,
662 1529 819 1619 palmam
836 1525 977 1597 caeteris
994 1525 1160 1596 omnibus
1172 1525 1225 1596 fa-

168 1642 234 1713 cile
251 1642 488 1734 praeripnisse.
526 1642 623 1724 Quin
641 1642 786 1738 Virgilii
803 1640 914 1734 ipsius
931 1641 1045 1712 virtus
1064 1640 1223 1712 maxime

168 1756 326 1829 cernitur
342 1758 381 1828 in
398 1757 578 1828 furoribus
594 1757 747 1828 Didonis
767 1780 814 1828 ex
837 1766 957 1848 spreto
979 1779 1101 1827 amore
1123 1756 1221 1827 ortis·

169 1870 243 1942 Ubi
259 1871 392 1943 teneris
408 1872 461 1943 rei
478 1871 681 1963 primordiis
698 1870 940 1965 atqueindies
960 1870 1224 1963 ingravescenti

170 1989 294 2057 morbo
310 2010 454 2079 operam
472 1988 546 2068 dat,
560 2010 676 2078 pauca
688 1987 933 2078 deprehendet
947 1986 1074 2078 aliquis
1087 1985 1223 2057 Graecis

170 2101 328 2184 meliora,
345 2101 500 2193 plurima
522 2125 606 2172 vero
627 2101 826 2192 eademque
851 2100 989 2191 optima
1016 2123 1062 2169 ex
1088 2099 1225 2169 Graecis

168 2216 361 2286 manifesto
379 2224 535 2306 sumpta.
588 2212 662 2286 Sed
679 2215 724 2285 de
740 2214 796 2284 his
813 2237 900 2284 mox
917 2213 1113 2285 videndum
1127 2214 1207 2283 erit.
1258 2233 1263 2240 ·

218 2331 304 2400 dam
321 2329 502 2422 paulisper
519 2330 746 2400 advertamus
764 2329 913 2412 animos,
932 2340 1068 2422 quanta
1089 2329 1159 2399 fide
1181 2352 1224 2398 ac

165 2443 346 2514 suavitate
358 2444 539 2537 ingressus
551 2443 684 2534 primos
696 2452 734 2514 et
744 2442 847 2514 rudia
860 2443 990 2513 amoris
1001 2443 1223 2513 incrementa

163 2569 402 2652 persequatur
417 2558 643 2650 Apollonius.
686 2558 885 2651 Conspecto
902 2558 1015 2654 igitur
1030 2558 1163 2631 Jasone
1180 2567 1222 2629 ut

164 2693 215 2743 ex
231 2673 315 2743 aula
329 2681 480 2763 paterna
495 2670 662 2763 prodibat
676 2673 783 2755 foras,

424 2809 489 2870 Ἐπ’
505 2810 583 2891 αὐτῷ
597 2808 619 2868 θ’
635 2806 754 2889 ὄμματα
769 2807 851 2893 κούρη

254 2910 335 2985 Anici
349 2908 427 2989 παρὰ
442 2910 559 2992 λιπαρὴν
574 2906 701 2991 σχομένη
717 2908 804 2983 θηεῖτο
820 2906 995 2993 πολθππρην,

255 3012 316 3093 Rp
331 3006 402 3091 ἅχιῑ
415 3006 581 3091 σμύχουσα·
606 3006 661 3079 νόος
674 3006 703 3069 δι’
717 3012 752 3084 ol,
767 3010 823 3083 ἠΰτ’
839 3006 947 3093 ὄνειρος,

252 3107 399 3194 Ἑρπθζουν
409 3106 546 3182 πεπότητο
557 3108 618 3186 μετ’
630 3104 710 3190 ἴχνια
723 3105 906 3188 νοσσομθνονο.
949 3107 1044 3170 Alto.
1061 3106 1132 3170 ill.
1149 3108 1222 3169 444.

164 3272 206 3334 et
222 3271 302 3354 post
319 3261 451 3352 paullo,

255 3421 370 3505 Προπρθ
386 3421 408 3482 θ’
424 3418 469 3506 ἄρ’
484 3418 632 3502 θφθαλμῶν
647 3418 686 3483 ἔτι
703 3424 728 3482 οἷ
741 3420 885 3485 ἶνδᾶλλεπο
900 3423 1003 3487 πάντα·

255 3520 343 3595 Αὑπθς
359 3522 380 3583 θ’
395 3520 447 3594 οθος
464 3520 519 3598 ἔην,
535 3520 617 3583 οἵοισί
630 3546 661 3585 πο
677 3522 791 3607 φάρεσιν
806 3522 887 3601 ἧστο,

254 3622 338 3685 Olclr'
354 3622 430 3701 ἔειφ’,
446 3620 479 3695 ὥς
494 3622 515 3684 θ
531 3620 600 3702 ἕζετ’
616 3625 658 3685 ἐπὶ
673 3623 773 3708 θρόνου,
789 3622 824 3699 dr
838 3651 869 3688 πο
885 3627 982 3712 θύραζε

248 3720 341 3785 *Hor
364 3720 424 3785 οθδθ
438 3722 487 3785 τιν’
503 3720 592 3785 ἄλλον
608 3724 725 3787 divom
740 3725 918 3811 πορφύρουσα

248 3822 395 3904 Ἐμμννοιο
410 3820 495 3910 ἆνθρα
510 3827 591 3887 τοῖον·
614 3827 641 3887 ir
656 3823 737 3889 οὔασι
752 3828 774 3889 θ
790 3830 848 3892 oliv
862 3829 955 3915 θρῶροο

254 3926 328 4003 Aridi
339 3950 371 3987 πο
383 3922 464 4007 μῦθοθ
472 3950 504 3988 πο
514 3924 686 4010 μελίφρονος,
698 3925 742 4003 οὓς
753 3929 900 4015 ἀγόρευον.
947 3931 1036 3997 Ano.
1054 3932 1125 3997 ΙΙΙ.
1142 3931 1219 3995 458·

42 4960 1207 5283 ἒ
