3559 5575
476 600 519 669 ra
844 566 964 662 rans
987 595 1149 662 rarus
1354 597 1474 661 rm„
1492 595 1545 660 v.

564 771 723 834 Luctatur
737 767 842 847 murti,
856 781 888 832 et
902 768 1105 855 languentem
1120 764 1234 854 pandit
1246 765 1373 832 hiatum

564 875 605 936 ln
620 895 716 938 vanos
731 893 865 950 morsus,
879 891 938 934 nec
951 867 1179 936 sufficientibus
1191 867 1248 934 iroe

563 974 697 1054 Ictibus,
711 989 853 1040 extrem
865 971 976 1039 lambit
990 971 1148 1038 venabula
1160 970 1282 1058 lingua.

1207 1076 1332 1142 Pumc.
1349 1075 1397 1140 X.
1411 1077 1484 1145 295.

477 1225 646 1320 Optimus
662 1233 716 1294 est
732 1223 770 1294 in
788 1223 913 1295 eadem
930 1245 970 1293 re
987 1223 1169 1307 Lucanus,

564 1384 724 1451 Pannonis
737 1383 824 1450 baud
839 1383 929 1450 aliter
942 1396 1015 1472 post
1029 1383 1128 1449 ictum
1143 1382 1254 1448 soevior
1268 1407 1353 1464 ursa,

564 1489 648 1554 Cum
658 1488 801 1576 jaculum
816 1511 916 1576 parva
930 1485 1033 1574 Libys
1046 1487 1217 1551 amentavit
1230 1485 1366 1565 habena,

563 1594 605 1657 Se
619 1605 702 1656 rotat
716 1591 749 1654 in
766 1589 899 1655 vulnus:
923 1588 1087 1676 telumque
1101 1589 1182 1653 irata
1195 1602 1359 1677 receptum

564 1695 707 1783 Impetit,
722 1711 754 1760 et
769 1717 875 1760 seeum
890 1692 1065 1781 fugientem
1078 1692 1191 1758 erent
1204 1691 1339 1757 hanam.

1183 1796 1486 1861 Lucax.V1.m
1531 1841 1536 1848 -

476 1946 615 2029 Quibus
642 1943 791 2039 adjungi
815 1953 934 2038 potest
959 1943 1097 2016 Statius
1124 1944 1260 2016 nemini
1290 1945 1449 2038 priorum
1475 1968 1534 2016 se-

477 2062 627 2145 cundus,

563 2203 674 2284 Qualis
687 2203 743 2268 ubi
758 2202 867 2268 audito
881 2194 1053 2269 venantum
1068 2227 1231 2269 murmure
1245 2203 1336 2294 tigris

563 2307 702 2373 Horruit
715 2307 748 2372 in
763 2305 911 2383 maculas,
928 2330 1116 2395 somnosque
1130 2307 1268 2373 excussit
1283 2307 1417 2382 inertest

563 2409 654 2476 Bella
666 2410 766 2498 cupit,
781 2409 931 2498 laxatque
945 2432 1053 2499 genes,
1068 2423 1102 2475 et
1116 2425 1271 2500 temperat
1285 2435 1428 2500 unguen

563 2516 646 2580 Mox
661 2515 726 2581 ruit
738 2515 772 2579 in
787 2528 918 2594 turmas,
933 2513 1080 2602 natisque
1094 2511 1243 2580 alimenta
1255 2515 1394 2581 cruentis

529 2696 534 2706 ¹
565 2619 743 2707 spirantem
756 2618 820 2684 fert
833 2641 888 2684 ore
902 2619 1018 2684 virum.
1222 2619 1337 2684 Tana.
1354 2617 1488 2687 {Lm

479 2757 601 2845 Habet
617 2771 770 2867 effigiem
785 2771 864 2863 pari
881 2780 960 2843 arte
976 2771 1130 2842 effictum
1149 2769 1380 2857 Claudianus,

565 2932 636 3013 Ille,
651 2933 738 2999 velut
753 2934 866 3000 stabuli
882 2934 981 3001 decus
993 2935 1192 3023 armentique
1199 2936 1373 3024 juvencam

565 3040 649 3103 Cum
664 3036 714 3102 leo
729 3036 877 3124 possedit,
892 3040 1076 3128 nudataque
1090 3040 1210 3105 viscera
1223 3038 1306 3105 fudit

565 3138 749 3227 Unguibus,
766 3153 798 3205 et
811 3142 930 3207 rabiem
946 3157 1029 3209 totos
1043 3142 1148 3231 exegit
1162 3142 1196 3208 in
1210 3164 1326 3221 armos,

567 3243 637 3306 Stat
650 3265 751 3309 crassa
766 3244 868 3333 turpis
883 3243 978 3326 sanie,
994 3244 1158 3333 nodosque
1168 3244 1323 3335 jubarum

564 3344 710 3427 Excutit,
726 3360 758 3413 et
771 3346 848 3413 viles
862 3361 1026 3437 pastorum
1039 3347 1172 3437 despicit
1185 3347 1256 3413 iras

1098 3451 1211 3516 Rarr.
1227 3450 1328 3514 Paos.
1346 3450 1397 3515 11.
1413 3452 1489 3521 209.

478 3592 581 3669 Nihil
597 3608 719 3671 eutem
736 3597 881 3692 propius
899 3598 945 3669 ad
962 3597 1140 3690 picturam
1157 3595 1298 3668 accedit
1308 3619 1417 3690 quem
1434 3618 1531 3668 com·

478 3712 615 3801 paratio
632 3714 694 3784 illa
709 3714 808 3801 ferae,
825 3716 931 3805 pleno
948 3712 1090 3785 theatro
1106 3712 1145 3784 in
1162 3735 1309 3784 erenum
1325 3711 1457 3784 missae.

565 3869 615 3933 Ut
627 3868 706 3948 fera,
721 3892 795 3955 quae
809 3885 933 3937 montes
946 3894 1049 3961 nuper
1062 3872 1182 3939 dimisit
1195 3872 1307 3952 avitos,

566 3968 781 4059 Alterumque
795 3972 869 4037 exul
883 3996 1048 4040 nemorum
1063 3976 1233 4042 damuatur
1246 3996 1352 4042 arenae

567 4072 767 4156 Muneribus,
782 4091 939 4143 commota
951 4078 1028 4156 ruit,
1043 4078 1093 4143 vir
1106 4100 1269 4143 murmure
1283 4092 1394 4145 contra

566 4176 736 4257 Hortatur,
752 4178 909 4267 nixusque
922 4204 1008 4270 genu
1022 4181 1180 4247 venabula
1195 4182 1309 4247 tendit.

568 4276 631 4343 Illa
643 4294 737 4368 pavet
750 4281 911 4369 strepitus,
926 4276 1106 4371 cuneusque
1119 4299 1224 4349 erecta
1237 4284 1351 4350 theatri

564 4382 718 4472 Respicit,
732 4396 764 4451 et
778 4384 859 4452 tanti
871 4385 1004 4453 miratur
1019 4386 1110 4453 sibila
1123 4387 1224 4475 vulgi.

1090 4492 1224 4555 Ccaun.
1240 4490 1328 4554 Rue.
1344 4488 1396 4555 11.
1411 4488 1490 4562 aot.
