3559 5575
1008 64 1140 128 322
1679 54 1932 120 PARS
1980 48 2427 117 SECUNDA
2629 51 2857 119 Pam..
2892 49 3143 116 XXV.

1182 231 1322 296 Nec
1348 247 1700 316 qumquam
1729 226 1953 289 inmo
1968 248 1990 287 .·
2035 221 2246 311 potuit
2272 242 2421 308 quae
2448 219 2726 307 plurima
2751 220 2961 287 virtus

1183 334 1367 409 Esse,
1397 328 1523 393 fuit
1545 353 1562 392 z
1609 340 1744 391 toto
1772 337 2084 390 certatum
2111 337 2208 388 est
2234 344 2497 410 corpore
2524 321 2729 409 regni.

2528 426 2696 490 AEn.
2729 426 2858 489 XI.
2887 429 3043 490 312.

1013 553 1244 626 Turni
1297 563 1539 623 autem
1589 548 1901 643 effigiem
1954 569 2103 617 una
2149 556 2496 638 tanquam
2557 545 2751 618 linea
2803 557 2877 617 et
2930 570 3138 620 mero

1001 673 1207 766 jactu
1258 691 1536 750 manus»,
1586 665 1697 736 uti
1749 664 1957 734 aiunt
2000 662 2334 755 pictores,
2380 684 2480 732 ex
2520 663 2765 732 tabula
2812 663 3141 735 eminere

1011 785 1206 857 fecit.

1185 914 1539 998 Nunquam
1566 908 1839 973 animam
1871 907 2063 972 talem
2092 906 2320 971 dextra
2342 905 2485 987 hac,
2516 904 2746 969 absiste
2775 908 3043 986 moveri,

1186 1013 1500 1079 Amittes:
1545 1011 1789 1076 habitet
1818 1023 2051 1087 tecum,
2084 1022 2149 1072 et
2178 1008 2257 1073 sit
2283 1021 2537 1096 pectore
2562 1006 2630 1073 in
2658 1007 2797 1071 isto.

2531 1108 2692 1176 AEn.
2723 1110 2848 1174 XI.
2882 1114 3044 1176 408.

1113 1237 1504 1310 Comoediae
1537 1234 1814 1310 interea
1844 1231 2246 1337 praecipuae.
2266 1241 2436 1305 sunt
2469 1241 2731 1324 parteS‚
2763 1232 2841 1301 in
2890 1233 3135 1304 minu-

1012 1355 1314 1427 tioribus
1356 1353 1554 1423 hisce
1598 1349 1887 1432 versari,
1933 1349 2193 1442 quibus
2234 1348 2428 1420 inter
2478 1371 2554 1420 se
2604 1347 2950 1420 differunt
3002 1351 3135 1420 ho-

1013 1466 1263 1544 mines.
1367 1465 1600 1535 Totus
1635 1465 1770 1534 hac
1806 1472 2184 1535 venustate
2217 1464 2453 1535 elucet
2488 1462 2897 1534 TerentiuS.
2988 1464 3134 1556 Ra-

1010 1592 1194 1654 trem
1224 1581 1425 1651 illum
1453 1578 1709 1649 misere
1736 1601 1813 1649 se
1838 1577 2280 1650 cruciantem
2311 1587 2752 1672 quantopere
2772 1602 2820 1649 a
2841 1580 3131 1652 caeteris

1012 1695 1334 1789 patribus
1366 1696 1502 1765 hac
1535 1694 1688 1764 sola
1719 1690 2076 1765 sententia
2111 1694 2513 1786 separavit!

1184 1822 1480 1903 Decrevi,
1511 1821 1816 1909 tantisper
1843 1845 1946 1887 me
1975 1821 2185 1887 minus
2213 1822 2482 1910 injuriae,

1189 1927 1481 2004 Chreme,
1514 1947 1656 1989 meo
1681 1939 1878 2012 gnato
1905 1924 2132 2004 facere,
2163 1925 2321 1990 dum
2352 1926 2499 1989 fiam
2529 1925 2734 1991 miser.

2323 2029 2703 2093 Heus-ron.
2735 2029 2797 2092 Ι.
2831 2030 2894 2107 1,
2925 2033 3038 2100 95.

1013 2153 1345 2225 Calidum
1382 2175 1549 2224 vero
1595 2161 1669 2222 et
1702 2173 2020 2243 praeceps
2066 2151 2280 2221 simul
2331 2174 2415 2222 ac
2460 2175 2881 2248 generosum
2932 2153 3132 2224 Cha-

1012 2268 1154 2338 rini
1184 2267 1556 2362 ingenium
1589 2269 1770 2338 bene
1806 2266 2044 2360 arguit
2074 2267 2276 2351 illud,

1098 2397 1254 2464 Heu
1290 2417 1393 2459 me
1437 2395 1732 2460 miserum
1760 2398 1775 2458 !
1825 2395 1937 2482 qui
1970 2406 2155 2460 tuum
2184 2395 2465 2461 animum
2497 2421 2576 2462 ex
2606 2396 2816 2463 animo
2845 2396 3124 2486 spectavi

1271 2519 1431 2559 me0.
2457 2500 2647 2568 Am).
2678 2500 2800 2564 IV.
2833 2501 2895 2579 Ι,
2927 2504 3033 2564 22.

1108 2617 1215 2688 Et
1240 2640 1332 2688 ne
1357 2639 1509 2687 rem
1545 2640 1727 2709 pene
1753 2617 2111 2691 infinitam
2143 2644 2548 2716 persequar,
2574 2645 2792 2693 unam
2829 2631 3120 2694 tantum

1011 2734 1354 2806 Sostratae
1393 2732 1469 2804 in
1521 2733 1813 2826 Hecyra
1865 2737 2295 2808 sententiam
2348 2738 2656 2834 adjicere
2703 2738 2943 2823 liceat,
2976 2762 3122 2834 qua

1011 2848 1366 2921 subtiliter
1421 2847 1810 2920 admodum
1866 2850 2092 2922 Poeta
2148 2853 2399 2940 voluit,
2445 2865 2522 2925 et
2568 2853 2827 2925 doloris
2876 2853 3120 2927 intimi

1011 2987 1320 3048 sensum,
1355 2973 1430 3036 et
1463 2987 1686 3035 nurus
1718 2965 2069 3038 invidiam
2103 2968 2443 3062 aliquam,
2477 2994 2623 3042 una
2653 2995 2819 3044 cum
2865 2972 3119 3045 matris

1010 3080 1522 3152 amantissimae
1553 3081 1825 3174 pietate
1858 3082 2263 3178 significari.

1183 3208 1363 3273 Nihil
1382 3209 1518 3295 jam
1546 3209 1700 3273 mihi
1728 3210 1899 3275 istaec
1926 3234 2025 3276 res
2054 3211 2398 3301 voluptatis
2424 3214 2678 3282 ferunt:

1181 3309 1361 3374 Dum
1399 3310 1600 3374 aetatis
1637 3324 1890 3399 tempus
1934 3312 2102 3394 tulit,
2139 3316 2473 3402 perfuncta
2516 3320 2665 3385 satis
2708 3342 2882 3385 sum:
2929 3319 3123 3385 satias

1343 3411 1481 3499 jam
1511 3425 1681 3477 tenet

1184 3511 1554 3577 Studiorum
1598 3513 1898 3580 istorum:
1944 3516 2081 3582 haec
2110 3517 2265 3583 mihi
2293 3542 2462 3587 nunc
2490 3546 2644 3587 cura
2671 3537 2765 3590 est
2793 3547 3119 3606 maxuma,

1353 3626 1428 3679 ut
1454 3637 1535 3679 ne
1562 3615 1666 3680 cui
1696 3638 1853 3681 meae

1181 3714 1644 3803 Longinquitas
1673 3717 1877 3783 aetatis
1906 3719 2149 3796 obstet;
2184 3735 2529 3789 mortemve
2550 3740 2870 3815 exspectet
2892 3751 3120 3795 meam.

1180 3817 1310 3882 Hic
1339 3816 1526 3883 video
1563 3840 1666 3884 me
1705 3841 1838 3886 esse
1874 3820 2140 3887 invisam
2168 3823 2517 3892 immerito:
2568 3842 2821 3917 tempus
2846 3844 2945 3895 est
2972 3853 3122 3896 con-

1347 3919 1591 3986 cedere.
