3559 5575
369 157 602 223 Pan..
634 157 728 222 X.
1029 157 1162 223 DE
1210 158 1843 225 IMITATIONE.
2368 161 2492 222 145

1417 329 1614 392 Ἀλλά
1641 334 1692 393 οἶ
1717 326 1875 411 ἄφνω

551 431 715 513 Διῖμ’
748 430 905 494 ὀλοὸν
932 433 1226 516 στυγεροῖο
1259 433 1414 493 κατὰ
1447 430 1649 517 ᾠρένας
1678 428 1801 508 ἦλθ’
1826 430 2041 495 Ἀΐδαο·

538 531 803 618 Ἔσχετο
836 532 880 595 δ’
910 531 1171 619 ἀμφασίῃ
1203 532 1358 618 ὃηρὸν
1380 532 1608 619 χρόνον,
1637 535 1786 617 ἀμφὶ
1818 534 1872 596 δὲ
1901 538 2083 597 πᾶσαι

552 636 834 717 Θυμηδεῖς
863 635 1070 712 βιότοιο
1098 633 1388 716 μεληδόνες
1419 635 1761 700 ἰνδάλλοντο.

552 737 834 815 Μνήσατο
861 737 965 818 μὲν
992 745 1235 821 τερπνῶν
1264 735 1346 799 ὅσ)
1379 737 1453 799 ἑνὶ
1484 741 1670 816 ζωοῖσι
1697 735 1990 816 πέλονται,

552 836 811 916 Μνῆσαθ
843 837 1132 918 ὁμηλικίης
1161 835 1496 921 περιγηθέος,
1527 838 1617 901 οἶά
1646 864 1709 900 τι
1740 838 1923 925 κούρη·

556 938 679 1002 Καί
707 937 772 1001 τί
799 943 848 1001 οἳ
875 936 1053 1017 ἠέλιος
1083 937 1333 1024 γλυκίων
1363 938 1540 1024 γένετ’
1573 940 1933 1026 εἶσορᾶασθαι

546 1038 640 1104 *Η
667 1039 863 1126 πάρος·
909 1038 942 1118 ἦ
973 1039 1118 1103 ivadv
1146 1064 1219 1125 γε
1248 1038 1349 1126 νόῳ
1379 1040 1649 1122 ἐπεμαίεθ’
1682 1041 1927 1105 ἕκαστα.

1861 1143 2042 1207 Aac.
2077 1142 2218 1208 111.
2251 1145 2404 1208 808.

481 1254 840 1338 Quaedam
873 1253 1258 1326 infeliciter
1290 1277 1385 1325 ex
1409 1256 1547 1326 hoc
1571 1253 1938 1346 Apollonii
1970 1253 2153 1325 libro
2184 1255 2497 1327 tentavit

378 1371 753 1453 Valerius3
789 1392 1024 1465 neque
1055 1393 1144 1442 ea
1176 1393 1456 1462 semper
1488 1371 1699 1462 culpa
1733 1378 1965 1453 vacat,
2000 1371 2194 1463 quod
2226 1393 2302 1442 se
2336 1381 2495 1442 tum

382 1487 672 1558 demum
723 1496 1058 1558 naturam
1118 1486 1322 1579 sequi
1378 1483 1769 1568 existimet,
1823 1484 1883 1555 si
1934 1485 2149 1557 vilem
2202 1509 2363 1557 eam
2417 1496 2494 1558 et

382 1604 732 1695 plebeiam
790 1600 944 1702 sine
1003 1612 1160 1674 arte
1216 1612 1293 1674 et
1348 1603 1548 1673 cultu
1603 1601 2091 1696 spectantibus
2150 1604 2490 1696 praebeat.

383 1719 617 1802 Quem
671 1717 865 1790 enim
921 1718 998 1789 in
1054 1718 1335 1790 Medeae
1387 1716 1770 1806 amoribus,
1821 1718 2054 1789 multa
2103 1742 2275 1790 sane
2325 1742 2491 1790 cum

385 1844 761 1906 venustate
818 1843 1038 1928 atque
1091 1831 1449 1930 elegantia
1504 1833 1929 1927 plerumque
1979 1833 2307 1925 depictis,
2349 1857 2493 1906 non

388 1949 763 2020 offendunt
793 1949 935 2020 ista
952 1950 989 2019 P

563 2104 755 2169 Visus
782 2116 850 2168 et
872 2105 1000 2170 heu
1029 2105 1273 2170 miserae
1300 2118 1453 2169 tunc
1479 2104 1806 2192 pulchrior
1835 2104 2063 2191 hospes
2090 2107 2327 2170 amanti

564 2206 947 2272 Discedens:
994 2209 1151 2272 tales
1178 2208 1495 2285 humeros,
1522 2227 1601 2270 *ea
1630 2215 1821 2294 terga
1846 2207 2169 2293 relinquit.

563 2310 701 2373 Illa
726 2309 978 2374 domum
1008 2301 1198 2397 atque
1222 2310 1398 2397 {pem
1419 2308 1711 2396 paullum
1728 2308 2075 2396 procedere
2094 2320 2307 2398 postes

563 2415 786 2500 Optat,
816 2427 885 2477 et
909 2412 1202 2477 ardentes
1229 2424 1401 2477 tenet
1427 2411 1593 2476 intra
1619 2410 1840 2475 limina
1864 2433 2138 2498 gressus.

1857 2515 2036 2578 Ano.
2064 2514 2227 2579 VII.
2254 2516 2405 2583 107.

388 2645 555 2716 Non
601 2645 796 2739 quod
828 2645 1169 2718 Jasonem
1215 2646 1350 2716 hoc
1396 2655 1719 2738 tempore
1765 2647 2251 2738 pulchriorem
2286 2647 2355 2719 ei
2389 2648 2497 2717 vi-

387 2784 546 2833 sum
611 2784 764 2834 esse
821 2760 1066 2857 inepte
1121 2761 1372 2834 fictum
1429 2760 1795 2857 judicem:
1866 2763 2185 2834 maxime
2242 2763 2497 2858 utique

387 2879 613 2951 amori
668 2888 781 2950 est
827 2878 1136 2951 finitima
1191 2878 1714 2960 misericordia;
1765 2902 1909 2971 qua
1953 2894 2112 2951 tum
2159 2880 2494 2951 Medeam
2599 2868 2606 2878 ⁸

387 2994 680 3068 omnino
715 2994 901 3064 affici
932 3017 1062 3086 par
1095 3004 1271 3076 erat,
1305 3003 1393 3065 ut
1424 3016 1587 3086 quae
1635 3003 1899 3063 sortem
1939 2993 2075 3063 viri
2124 2994 2495 3088 indignam

390 3111 634 3182 animo
669 3109 1001 3181 volvebat
1031 3108 1430 3201 periculum
1471 3107 1726 3200 capitis
1771 3107 1970 3177 haud
2013 3107 2315 3178 dubium
2364 3109 2498 3180 ini-

390 3226 558 3298 turi.
661 3226 1149 3309 Quamobrem
1183 3227 1318 3295 hoc
1351 3226 1561 3325 longe
1596 3222 1851 3293 melius
1885 3223 2323 3319 excogitavit
2352 3225 2496 3298 Va-

388 3343 604 3416 lerius
634 3355 857 3437 quam
893 3350 1002 3413 est
1035 3340 1215 3412 illud
1249 3339 1494 3411 Ovidii
1527 3349 2010 3412 commentum
2038 3364 2056 3422 ;

563 3524 655 3588 Et
682 3544 858 3601 casu,
887 3520 1072 3585 solito
1099 3519 1429 3585 formosior
1460 3520 1701 3585 AEsone
1729 3531 1918 3584 natus

565 3625 691 3691 Illa
716 3624 858 3689 luce
885 3623 1028 3688 fuit.
1876 3622 2072 3689 Mn‘r.
2113 3624 2267 3688 VII.
2299 3628 2406 3690 84.

391 3795 540 3870 Sed
594 3817 748 3867 rem
800 3794 1144 3867 eximiam
1198 3794 1378 3872 adeo
1436 3793 1802 3866 humiliter
1858 3804 1934 3865 et
1981 3794 2074 3866 ad
2122 3796 2493 3889 vulgarem

391 3910 567 3982 vitae
599 3909 1143 3988 similitudinem
1175 3910 1427 3981 efferre
1461 3931 1602 3981 non
1636 3908 1909 3980 debuit.
1995 3910 2209 3991 Quod
2241 3908 2493 3978 itidem

391 4026 469 4099 in
503 4026 616 4102 his
646 4025 916 4121 paritet
947 4024 1155 4130 queri
1184 4024 1374 4097 lieet.

1425 4158 1474 4206 L
