3559 5575
243 523 358 588 Pam.
376 522 445 588 111.
565 521 630 585 DE
655 519 972 586 IMITATIONE.
1254 520 1297 582 35

242 694 310 768 cile
333 693 561 790 intelligitur,
578 702 621 764 ut
637 715 758 765 rerum
777 692 1012 786 proprietates
1035 714 1077 762 ac
1097 691 1297 783 praesertim

242 821 362 883 motus
386 810 523 904 possint
540 809 804 903 quodammodo
830 808 860 878 si
885 832 957 878 non
984 808 1125 900 singula
1145 817 1298 879 atcerte

242 931 434 1023 conjuncta
460 949 546 999 sono
569 925 713 996 referre.
766 924 864 1006 Quid
889 923 985 995 enim
1009 933 1065 993 est
1087 946 1216 1006 causae,
1234 947 1299 994 cur

242 1046 310 1116 hoc
335 1043 478 1115 dicendi
502 1065 616 1137 genus
642 1040 820 1134 liquidum
844 1064 887 1111 ac
910 1039 1100 1132 profluens,
1127 1039 1217 1109 illud
1242 1062 1299 1110 ra-

241 1161 366 1253 pidum
390 1169 428 1230 et
453 1180 612 1250 praeceps
634 1165 673 1227 et
695 1167 894 1238 actuosum,
912 1155 1010 1226 aliud
1032 1156 1113 1226 lene
1136 1167 1173 1226 et
1196 1153 1299 1226 flexi·

241 1275 324 1358 bile,
342 1274 441 1345 aliud
466 1274 633 1354 fractum,
659 1271 835 1353 dissitum,
861 1270 1042 1341 divulsum
1068 1272 1298 1364 appellemus,

242 1390 311 1460 nisi
330 1411 413 1482 quae
429 1387 554 1457 insunt
570 1386 607 1455 in
626 1387 731 1456 rebus
751 1385 836 1478 ipsis
853 1396 891 1456 et
908 1409 991 1478 quae
1013 1385 1069 1456 his
1094 1386 1298 1456 nominibus

242 1503 471 1598 respondent,
498 1501 624 1572 eadem
651 1513 714 1572 aut
742 1501 786 1572 iis
814 1501 930 1572 simile
958 1501 1131 1594 quiddam
1156 1502 1193 1572 in
1222 1526 1300 1572 ora-

243 1617 352 1691 tionis
368 1639 482 1712 genus
497 1614 656 1686 incidere
674 1615 886 1686 rideamus?
916 1614 1096 1696 Quoniam
1120 1616 1235 1686 omnis
1260 1616 1298 1686 in

242 1736 311 1805 hoc
337 1731 452 1826 posita
468 1739 524 1802 est
540 1730 726 1800 nominum
748 1731 1002 1802 translatorum
1020 1731 1147 1815 virtus,
1164 1741 1204 1803 ut
1222 1755 1300 1804 are

243 1849 351 1920 simili
375 1849 412 1919 in
440 1849 547 1920 aliam
574 1871 651 1919 rem
676 1857 822 1940 propter
848 1846 1119 1919 similitudinem
1148 1848 1301 1919 transfe-

244 1975 382 2036 rantur.

294 2083 415 2164 Quare
435 2103 507 2151 non
531 2080 712 2153 immerito
728 2080 825 2152 Vida
842 2080 1068 2153 doctissimus
1085 2091 1193 2173 poeta
1209 2080 1300 2151 illud

243 2198 339 2269 inter
363 2197 598 2291 exquisitiora
623 2197 710 2268 artis
733 2220 881 2267 munera
904 2197 1018 2289 ponit,
1040 2207 1083 2268 ut
1105 2199 1197 2266 hanc
1220 2197 1302 2267 imi-

243 2314 347 2386 tandi
364 2313 517 2405 speciem
535 2313 694 2384 carmina
712 2337 787 2404 prae
804 2337 841 2384 se
858 2313 988 2384 ferant.

332 2424 443 2490 Multa
456 2425 536 2489 adeo
549 2425 739 2488 incumbunt
752 2425 853 2489 doctis
868 2424 1029 2511 vigilanda
1043 2426 1159 2490 Poetis.

334 2528 435 2592 Haud
450 2527 525 2591 satis
539 2541 586 2590 est
600 2524 660 2589 illis
674 2539 838 2612 utcunque
852 2526 998 2591 claudere
1013 2550 1150 2605 versum,

333 2631 381 2694 Et
395 2651 445 2691 res
461 2627 630 2692 verborum
643 2627 772 2714 propria
786 2628 817 2692 vi
832 2627 965 2693 reddere
977 2629 1093 2695 claras:

333 2728 450 2795 Omnia
464 2729 519 2795 sed
535 2727 675 2794 numeris
686 2751 800 2795 vocum
816 2731 1022 2796 concordibus
1036 2744 1159 2819 aptant,

331 2836 438 2919 Atque
453 2855 531 2897 sono
544 2855 744 2921 quaecunque
757 2847 876 2898 canum
890 2836 1073 2916 imitantur,
1087 2852 1120 2901 et
1133 2850 1209 2923 apta

332 2934 508 3000 Verborum
523 2934 613 3015 facie,
629 2950 661 3000 et
674 2936 808 3023 quaesito
823 2936 968 3001 carminis
982 2961 1045 3001 ore.

847 3041 952 3118 V1ns,
967 3042 1073 3105 Pour.
1090 3042 1162 3105 111.
1178 3039 1258 3106 364.

247 3148 353 3230 Quod
369 3172 454 3220 vero
471 3149 516 3219 de
533 3150 646 3219 altera
659 3147 720 3218 illa
734 3149 823 3219 meri
840 3149 978 3220 sonitus
996 3149 1197 3222 imitatione
1211 3150 1302 3233 dixi,

246 3263 453 3357 utquisque
478 3264 580 3355 inops
601 3272 639 3334 et
657 3287 751 3333 verae
777 3264 930 3335 Poeseos
956 3287 1084 3357 expers
1109 3265 1230 3348 fuerit,
1248 3266 1301 3335 ita

246 3376 469 3448 ambitiosius
498 3400 577 3447 eam
611 3377 749 3469 insequi
785 3389 822 3448 et
852 3390 1017 3469 captare;
1043 3389 1178 3461 contra,
1210 3381 1301 3451 lianc

246 3492 424 3583 optimum
450 3515 628 3585 quemque
654 3494 769 3563 colere
795 3515 837 3561 ac
865 3492 959 3563 tueri
988 3493 1101 3564 video.
1153 3494 1301 3566 Infinita

245 3606 320 3677 fere
355 3616 439 3677 sunt
466 3606 611 3702 Virgilii
640 3608 728 3688 loca,
759 3630 841 3699 quae
876 3610 1065 3678 verborum
1092 3610 1232 3680 delectu
1263 3620 1301 3682 et

245 3747 351 3793 cursu
368 3722 536 3793 carminis
553 3746 629 3794 rem
647 3746 718 3793 non
737 3722 817 3793 dico
834 3722 995 3818 ignotam
1012 3725 1192 3797 declarare
1218 3751 1299 3819 pos·

247 3848 338 3920 sent,
356 3848 453 3909 certe
464 3842 541 3932 jam
561 3840 742 3934 cognitam
758 3838 986 3910 illustriorem
1003 3840 1170 3914 reddunt.
1215 3842 1302 3913 Per-

248 3956 393 4049 vulgata
411 3965 496 4026 sunt
512 3954 573 4026 illa
591 3956 636 4026 de
657 3978 763 4026 cursu
781 3955 1049 4051 quadrigarum,
1067 3959 1197 4051 quibus
1213 3958 1302 4051 quid

248 4070 361 4164 magis
379 4072 485 4141 velox
502 4080 539 4141 et
557 4070 776 4142 concitatum
794 4070 944 4166 cogitari
960 4074 1106 4164 potest?

335 4183 450 4247 Nonne
464 4182 562 4263 vides,
578 4206 679 4270 quum
693 4182 848 4272 praecipiti
862 4185 1031 4249 certamine
1045 4208 1193 4273 campum

336 4284 537 4373 Corripuere,
552 4300 715 4373 ruuntque
729 4284 822 4349 effusi
835 4308 958 4351 carcere
971 4310 1095 4365 currus,

247 4400 286 4461 et
304 4410 401 4472 mox,

743 4512 812 4575 ΒΞ
