3559 5575
213 555 333 619 Pana.
349 554 390 619 V.
543 555 609 626 DE
634 556 953 622 IMITATIONE.
1236 559 1281 626 68

213 750 449 821 nequaquam
465 729 533 802 hoc
549 729 667 803 facere
684 731 768 802 solis
784 731 823 804 in
841 755 908 803 usu
925 731 975 803 sit
992 731 1127 818 Poetis,
1143 733 1208 806 sed
1232 757 1281 806 ne

214 853 299 915 tum
316 844 462 939 quidem
481 869 621 940 aprosa
633 847 806 933 oratione,
824 848 1043 943 gravissimis
1060 849 1279 932 auctoribus,

215 957 377 1032 alienum
401 962 586 1034 habeatur.
637 963 736 1044 Quas
761 964 886 1034 laudes
912 987 936 1034 a
958 963 1126 1060 Longino
1152 965 1280 1036 tulerit

216 1076 472 1148 celeberrimus
491 1077 747 1151 Demosthenis
770 1080 870 1151 locus
890 1078 936 1151 de
961 1079 1105 1152 Elateae
1127 1103 1281 1173 occupa·

215 1189 317 1263 tione
333 1215 442 1264 nemo
458 1193 594 1275 nescia
619 1193 682 1288 qui
697 1195 798 1265 locus
815 1202 939 1265 tamen
955 1194 1031 1266 fere
1053 1193 1092 1264 in
1117 1195 1187 1266 hoc
1203 1196 1279 1270 solo

216 1307 384 1380 vertitur.
437 1307 503 1394 At,
519 1331 565 1378 ne
581 1306 674 1380 forte
692 1307 772 1402 quis
790 1310 857 1380 hoc
873 1309 971 1380 inter
985 1309 1177 1382 rhetoricae
1200 1309 1279 1406 pig-

218 1434 344 1495 menta
368 1423 513 1507 referat,
540 1424 650 1495 etiam
673 1425 712 1494 in
738 1424 954 1518 Thucydide
977 1427 1095 1521 (cujus
1122 1428 1279 1502 brevitas

217 1541 294 1612 sere
311 1539 350 1611 in
368 1539 597 1632 proverbium
615 1539 718 1633 abiit)
732 1542 906 1612 nonnulla
918 1549 1003 1611 sunt
1015 1563 1098 1635 quae
1110 1541 1281 1616 similiter

216 1656 257 1728 in
283 1657 379 1727 hanc
400 1655 604 1727 libertatem
622 1666 832 1728 excurrunt.
882 1656 991 1738 Quod
1010 1658 1089 1750 jam
1114 1656 1281 1750 princeps

217 1772 256 1842 in
273 1773 343 1842 hoc
358 1793 491 1866 genere
508 1769 598 1841 mihi
615 1771 654 1840 in
672 1780 832 1843 mentem
849 1771 962 1855 venit,
979 1781 1035 1842 est
1051 1772 1097 1843 de
1113 1773 1225 1844 classe
1241 1772 1279 1842 in

219 1885 380 1960 Siciliam
396 1887 552 1959 Athenis
577 1887 792 1979 profectura.
845 1887 1043 1981 Postquam
1068 1887 1165 1959 enim
1192 1887 1279 1960 satis

219 2005 361 2098 copiose
387 2002 648 2076 dinumerasset
670 2028 751 2098 quae
776 2003 814 2074 in
843 2004 1007 2088 navibus,
1032 2005 1155 2098 copiis,
1182 2029 1279 2077 com·

219 2131 354 2203 meatu,
372 2119 582 2214 caeterisque
598 2121 847 2213 comparandis
862 2121 1048 2214 insumpta
1063 2132 1193 2205 essent,
1205 2143 1278 2216 qao

218 2259 394 2309 remnon
418 2236 589 2330 exiguam
615 2236 674 2332 agi
697 2235 925 2332 significaret,
941 2239 1023 2309 haec
1043 2239 1192 2332 insuper
1215 2239 1279 2309 ad-

214 2351 351 2447 jungit,
368 2375 520 2445 quorum
538 2354 638 2423 nulla
654 2353 760 2444 piane
776 2361 833 2424 est
848 2353 964 2424 virtus
988 2353 1060 2426 nisi
1079 2366 1123 2426 ut
1140 2362 1278 2427 erectos

220 2468 450 2561 intentosque
465 2470 643 2540 lectorum
659 2468 798 2538 animos
814 2468 980 2539 reddant.

262 2651 375 2728 Ἔιπιιδῆ
398 2651 426 2713 di
449 2656 479 2714 al
504 2655 561 2727 νῆις
583 2649 695 2733 πλήρεις
717 2647 802 2729 ἦσαν,
823 2651 871 2713 καὶ
896 2648 1020 2712 trium
1042 2648 1136 2712 πάντα
1156 2650 1203 2728 ἤδη
1227 2647 1281 2714 δσα

221 2751 335 2839 ἔχοντες
358 2753 477 2837 ἔμελλον
498 2753 662 2834 ἀνάξεσθαι,
685 2757 718 2842 τῇ
738 2753 792 2836 μὲν
817 2752 964 2840 σάλπιγγι
984 2755 1075 2830 orari
1093 2752 1279 2836 ὑποσημᾶνθιι,

220 2860 311 2941 εὐχὰς
325 2858 353 2919 δὲ
367 2861 420 2931 τὰς
433 2856 611 2939 νομιζομένας
624 2857 675 2943 πρὸ
690 2862 740 2933 τῆς
752 2860 918 2942 ἀναγωγῆς,
933 2860 965 2919 οδ
977 2860 1054 2920 κατὰ
1066 2863 1131 2921 ναῦν
1142 2856 1277 2937 ἕκαστον,

218 2959 376 3041 ξύμπαντες
390 2959 418 3022 di
433 2960 483 3023 ιἰπδ
498 2958 615 3045 κήρυκος
632 2962 778 3023 ἐποιοῦντο·
802 2956 942 3043 κραπῆμᾶς
964 2984 997 3022 τι
1018 2958 1188 3044 κεράσαντας
1210 2960 1276 3046 παρ’

219 3058 295 3125 ὅταν
308 3062 340 3125 τδ
355 3060 532 3149 στράτευμα,
548 3062 597 3125 καὶ
612 3060 761 3144 ἐκπώμασι
782 3064 902 3148 χρυσοῖς
923 3085 955 3124 τι
977 3061 1027 3125 καδ
1049 3064 1181 3148 ἇμγτνροῖς
1201 3062 1230 3125 oi
1245 3087 1278 3124 τε

219 3164 354 3244 ἐπιβάται
378 3166 425 3227 καὶ
446 3170 471 3227 oi
489 3162 625 3251 ἄρχοντος
647 3162 814 3239 σπένδοντος.
837 3162 1036 3249 ξονιπιῦχοιτο
1052 3165 1083 3251 δὲ,
1095 3165 1144 3229 καδ
1160 3169 1174 3227 i
1188 3162 1278 3239 ἄλλος

219 3265 343 3350 δμιλοςό
359 3270 390 3331 ἐκ
405 3272 455 3343 τῆς
468 3272 532 3352 γῆς,
546 3274 601 3331 τῶν
616 3293 648 3332 τι
668 3274 801 3347 πολιτῶν,
817 3270 866 3330 καὶ
883 3264 949 3341 rinc
968 3264 1057 3342 ἄλλος
1080 3264 1168 3341 εὔνοος
1189 3271 1278 3354 παμῆν

218 3369 315 3449 σφίσι.
338 3368 537 3443 παιανίσαντες
552 3369 593 3448 di,
609 3372 658 3432 καδ
673 3366 860 3443 τολνῶσαντις
873 3372 927 3442 τὰς
940 3370 1070 3444 σπονδὰς,
1084 3367 1229 3451 ἀνήγοντο.

969 3467 1131 3531 Teucro.
1148 3468 1209 3531 VI.
1223 3468 1276 3531 32.

272 3631 381 3705 Paria
397 3631 565 3725 quaedam
582 3640 668 3734 sunt
689 3631 728 3702 in
753 3630 1009 3723 Xenophonte,
1023 3637 1134 3712 casto,
1150 3628 1180 3701 si
1198 3629 1278 3725 quis

219 3748 324 3833 alius,
341 3758 379 3820 et
396 3746 549 3841 simplici
574 3747 757 3840 scriptore.
810 3747 980 3842 Perlegat
1004 3744 1133 3840 aliquis
1157 3746 1275 3819 locum

218 3864 258 3937 in
284 3863 530 3957 Expeditione
551 3864 649 3955 Cyri,
669 3862 730 3935 ubi
756 3863 868 3959 Regis
894 3862 1094 3934 exercitum
1111 3864 1190 3958 jam
1211 3864 1276 3936 ad·

218 3994 369 4052 ventare
385 3980 524 4052 subitus
540 3978 696 4051 occurrit
713 3980 862 4052 nuntius
880 3978 986 4072 Cyro,
1003 3978 1073 4071 ipsi
1092 3980 1276 4077 negligen-

220 4097 294 4169 tius
311 4106 391 4168 tum
408 4096 531 4191 agenti
554 4118 694 4191 agmen.
746 4096 854 4169 Totae
879 4095 1076 4167 narrationi
1101 4098 1274 4171 mirabilis

219 4213 368 4308 quidam
385 4213 531 4307 spiritus
547 4236 590 4284 ac
605 4215 727 4284 lumen
745 4212 955 4317 offunditur,
972 4223 1014 4286 ut
1031 4214 1190 4286 numeris
1212 4212 1275 4285 ad-

214 4331 324 4427 jectis
340 4352 566 4423 nequaquam
582 4327 652 4421 ipsi
670 4330 830 4401 Homero
847 4330 1000 4402 cederet.
1119 4374 1126 4387 ·

265 4461 326 4523 Καδ
342 4460 433 4546 Κῦρός
454 4484 484 4522 τι
506 4458 706 4537 καταπηδήσας
729 4461 760 4521 in
783 4464 832 4523 τοῦ
851 4455 976 4541 ἅρματος
997 4457 1045 4520 τδν
1065 4456 1177 4541 deipara
1192 4454 1274 4533 nito,

221 4565 271 4629 καὶ
283 4564 394 4643 ἀναβὰς
408 4561 451 4626 ἐπὶ
467 4560 607 4625 ricinos
621 4566 659 4625 τὰ
670 4562 770 4625 παλτὰ
784 4564 822 4635 εἰς
833 4562 936 4645 χιῖρας
951 4559 1051 4638 ἔλαβε,
1062 4560 1120 4633 τοῖς
1134 4583 1165 4622 τι
1176 4554 1275 4630 ἄλλοις
