3559 5575
525 134 589 196 112
901 127 1022 192 PARS
1045 127 1207 192 PRIMA
1347 128 1461 192 Puer..
1477 128 1583 193 v111.

610 299 773 382 Ἀπομόνοι
788 297 815 362 li
830 301 905 382 γοναὶ
920 304 1047 380 κεφαλᾶς
1059 297 1203 380 poliuere
1216 291 1344 362 saltur

612 403 708 484 Eiirr'
724 400 780 483 &pl
793 399 900 486 βρέφει
913 402 1051 486 γλοκερδν
1065 401 1114 463 καὶ
1130 399 1279 486 δγόρσιμον
1292 399 1382 465 ὅπου·

612 501 708 568 Εὕδετ’
725 507 780 585 ἐμοὶ
793 503 891 587 ψυχαὶ,
906 501 944 564 tv*
959 499 1100 579 ἂδιλῴειδ,
1115 499 1201 564 εὗσοοι
1214 500 1311 566 τέκνον·

606 605 725 684 Ὀλβιοι
740 603 906 684 εὖνίιζοισόε,
922 603 970 665 καὶ
986 602 1076 682 ὄλβιοι
1090 609 1132 666 eu
1146 601 1259 666 ἵκοισθε.

653 709 707 782 Ὡς
723 703 837 790 φαμένη
852 704 945 769 δόνασε
960 703 1047 779 σάκος
1061 703 1152 791 μέγα·
1174 705 1267 770 σοόσδ
1282 705 1364 787 ἔλαβ’
1378 704 1473 782 δεινος.

1285 810 1406 872 Iuru..
1421 813 1491 872 ΚΛ
1502 811 1539 873 1.

527 995 583 1068 At
598 1018 685 1067 mox
700 995 747 1066 ab
762 995 831 1065 hoc
848 990 946 1064 dulci
961 989 1185 1084 candidoque
1201 993 1296 1084 stylo
1316 990 1424 1061 nimis
1446 989 1583 1085 migrat

525 1112 564 1184 in
589 1111 750 1195 humilia,
773 1131 886 1203 quum
911 1106 1106 1178 infantium
1128 1105 1253 1202 vagitu
1279 1106 1472 1200 perterrita
1491 1107 1582 1178 Alo·

527 1249 633 1300 meua
651 1226 701 1298 sic
718 1223 911 1317 alloquitur
926 1219 1119 1302 maritum3

562 1411 564 1416 ,
607 1355 734 1433 Ἀνστα,
748 1355 816 1435 popli
830 1349 945 1416 πόδεσσι
960 1352 1031 1424 τεοῖς
1045 1349 1096 1412 ool
1110 1349 1241 1413 σάνδαλα
1255 1348 1334 1428 όεόης.
1378 1349 1464 1414 Ibid.
1479 1348 1538 1414 36.

577 1469 661 1540 Non
672 1469 887 1539 intemerato
899 1464 1102 1535 Homerum
1113 1463 1246 1556 ubique
1258 1463 1295 1533 in
1309 1465 1378 1534 hac
1390 1487 1429 1534 re
1440 1463 1582 1557 judicio

528 1583 594 1668 uti,
619 1583 694 1653 fere
719 1581 764 1654 ab
789 1578 955 1652 omnibus
979 1588 1036 1650 est
1059 1601 1287 1650 concessum:
1313 1579 1377 1650 sed
1400 1579 1519 1672 prisoo
1544 1589 1582 1652 et

527 1699 611 1771 rudi
626 1721 705 1768 aevo
722 1697 836 1768 multa
852 1692 1047 1766 condonari
1062 1714 1207 1787 aequum
1225 1704 1281 1765 est
1296 1718 1380 1788 quae
1401 1693 1438 1764 in
1463 1707 1582 1788 poste-

528 1814 680 1888 rioribus
696 1811 824 1884 merito
844 1811 963 1883 forent
979 1811 1167 1903 culpanda.
1219 1810 1337 1881 Immo
1361 1811 1406 1881 iis
1431 1811 1518 1903 ipsis
1543 1812 1580 1882 iu

527 1930 626 2014 locis,
642 1929 706 2002 ubi
728 1925 933 1999 communia
950 1924 1038 1996 vitae
1063 1925 1290 2018 explicantur
1314 1925 1471 2021 negotia,
1485 1927 1582 1998 inest

522 2046 726 2142 jucundum
744 2039 880 2137 aliquid
892 2041 989 2134 quod
1001 2051 1160 2112 mentem
1172 2041 1269 2135 capit
1280 2052 1463 2136 tenetque,
1475 2043 1582 2113 modo

528 2186 574 2234 ne
591 2185 742 2234 summae
760 2157 948 2255 dignitatis
965 2155 1059 2227 viros
1074 2157 1122 2227 ud
1137 2158 1217 2229 haec
1234 2181 1384 2229 munera
1401 2158 1580 2230 detrudat.

530 2278 574 2349 In
592 2276 801 2349 suavissimo
818 2274 990 2365 Odysseae
1010 2271 1113 2357 libro,
1130 2273 1191 2343 ubi
1208 2273 1355 2366 Ulysses
1372 2275 1419 2345 ud
1435 2274 1581 2345 Eumaei

529 2393 715 2486 tugurium
741 2389 844 2481 inops
868 2397 907 2458 et
930 2386 1115 2458 mendicus
1137 2387 1287 2472 accedit,
1305 2399 1479 2483 quautam
1499 2389 1581 2459 ideo

530 2507 686 2579 offundit
701 2504 770 2576 toti
785 2503 917 2574 fabulae
933 2503 1099 2597 gratiam,
1115 2505 1212 2596 quod
1227 2504 1323 2576 iutra
1338 2515 1478 2576 uatume
1493 2505 1582 2574 finus

531 2645 569 2694 se
585 2620 779 2702 contineat,
797 2627 834 2689 et
851 2618 1004 2711 simplex
1020 2619 1267 2714 hujuscemodi
1282 2619 1369 2692 vitae
1386 2622 1581 2712 exemplar,

531 2736 608 2811 sine
631 2735 715 2808 fuco
743 2744 782 2807 et
806 2733 981 2807 coloribus
1007 2733 1222 2808 intuendum
1251 2737 1430 2829 praebeet!
1456 2737 1582 2810 Etiam

532 2854 614 2925 illa:

661 2966 751 3039 Αότδς
766 2967 786 3028 δ
801 2967 875 3049 ἀμφὶ
889 2964 1020 3029 πόδεσσιν
1034 2968 1085 3039 ἑοῖς
1100 2965 1237 3054 ἀράρισκε
1250 2966 1361 3049 ιιεδιλοι,

658 3069 779 3153 Τόμνοοι
793 3067 882 3154 δόρμοι
895 3065 995 3146 βόειον,
1011 3067 1134 3153 ἐϋχρόες·

530 3222 748 3299 quanquam,
765 3197 1017 3270 nonnullorum
1036 3196 1186 3290 judicio,
1203 3198 1382 3290 plebeium
1404 3200 1511 3272 nimis
1528 3226 1584 3273 sa-

531 3318 648 3410 piunt,
660 3314 749 3383 mihi
761 3313 907 3405 quidem
919 3313 1132 3403 perpulchra
1144 3323 1181 3384 et
1186 3315 1448 3407 jucundissima
1460 3316 1585 3388 viden-

532 3441 604 3515 tur,
626 3430 832 3522 optimeque
855 3427 1063 3499 societatem
1084 3428 1212 3501 ineunt
1232 3453 1315 3501 cum
1338 3432 1478 3503 caeteris
1500 3456 1585 3526 quae

533 3546 653 3638 paullo
670 3554 754 3613 unte
770 3540 914 3612 dixerat
929 3542 976 3612 de
992 3542 1167 3614 cubilibus
1184 3554 1221 3615 et
1237 3568 1346 3642 grege
1366 3570 1483 3631 suum,
1500 3570 1587 3618 cau·

533 3662 638 3755 laque
655 3657 784 3730 humili
799 3656 959 3750 undique
975 3658 1152 3751 lapidibus
1169 3670 1207 3732 et
1223 3661 1335 3754 spinis
1352 3672 1465 3755 septu.
1490 3664 1587 3746 Quae

531 3799 617 3849 vero
633 3782 832 3867 sequuntur
848 3772 886 3843 in
904 3773 1022 3845 medio
1038 3778 1240 3868 spectaculo
1256 3778 1420 3873 defigunt
1436 3780 1568 3851 oculos.

659 3892 810 3973 Ἐξαπόνης
825 3895 846 3956 δ’
861 3895 989 3971 Ὀδυσῆα
1002 3894 1057 3958 ἴδοι
1072 3895 1149 3969 κόνις
1164 3895 1340 3982 ὑλακόμωροι

660 4001 701 4061 Ol
713 3998 776 4079 μὲν,
792 3996 976 4083 κεκλήγοντες
989 3996 1149 4083 ἐπέδραμον·
1173 4000 1265 4083 αὐτὰρ
1278 3999 1434 4074 Ὀδυσσεὺς
