3559 5575
411 192 639 256 Palu.
672 191 952 255 XXIV.
1072 190 1203 255 DE
1250 191 1881 255 AFFECTIBUS.
2390 188 2521 256 807

410 388 630 459 quam
663 363 1006 458 quicquid
1038 363 1237 435 brevi
1274 363 1445 435 vitae
1480 362 1836 434 curriculo
1879 360 2243 433 contineri
2286 358 2535 454 possit,

410 479 661 550 Nihilo
692 479 917 575 igitur
958 478 1264 570 amplius
1306 501 1485 570 opus
1529 476 1691 560 erit,
1726 500 1871 570 quo
1922 476 2093 547 huic
2143 474 2535 547 sententiae

410 618 541 666 sua
573 593 680 665 vis
727 603 1030 679 constet,
1063 593 1200 664 nisi
1247 604 1333 665 ut
1367 592 1662 689 dignam
1709 601 1924 663 nacta
1962 591 2182 663 fuerit
2216 590 2528 662 occasio·
2564 598 2573 606 '

407 731 598 792 nem,
633 721 709 781 et
743 733 1033 781 causam
1072 732 1307 802 neque
1354 708 1701 780 humilem
1747 731 1985 801 neque
2029 707 2529 786 inhonestam3

399 822 674 915 quippe
707 846 873 916 quae
907 835 1086 895 tunc
1110 825 1489 895 verborum
1524 822 1721 893 haud
1753 820 2107 915 indigebit
2132 819 2527 890 luminibus

408 949 541 1014 aut
584 939 987 1033 imaginum
1033 939 1338 1021 delectu,
1378 937 1665 1030 propria
1707 937 1866 1030 ipsa
1914 960 1989 1007 se
2024 936 2094 1006 vi
2145 935 2526 1018 sustinenS,
2608 1013 2614 1021 ⁸

410 1062 485 1124 et
522 1076 666 1149 quo
700 1054 940 1126 minus
980 1054 1328 1126 comitatu
1373 1053 1750 1140 instructa,
1784 1076 1870 1123 eo
1921 1050 2286 1146 pulchrior
2333 1074 2528 1142 saepe

411 1168 568 1239 visa
625 1180 700 1241 et
754 1169 1136 1261 potentior.
1239 1170 1483 1251 Quare
1540 1169 1617 1239 id
1677 1169 1908 1239 solum
1968 1167 2121 1262 agit
2180 1165 2533 1237 nobilissi-

411 1305 696 1362 morum
728 1284 1134 1356 carminum
1173 1284 1477 1380 scriptor
1503 1284 1870 1376 Tyrtaeus,
1902 1294 1987 1355 ut
2020 1306 2113 1353 ne
2148 1283 2526 1353 verborum

407 1397 700 1469 lascivia
733 1400 1114 1471 sententiae
1141 1399 1368 1481 obsit;
1403 1399 1596 1493 quod
1632 1422 1725 1470 ne
1757 1400 1907 1481 fiat,
1935 1420 2259 1470 sermone
2300 1395 2530 1468 utitur

406 1535 647 1605 parco,
682 1513 1010 1607 simplici,
1045 1538 1310 1586 severo.

586 1701 768 1774 Αὐτὸς
797 1702 840 1763 δ’
874 1703 928 1763 ἕν
956 1700 1307 1788 προμάχοισι
1338 1699 1521 1763 πεσὼν
1549 1701 1707 1784 φίλον
1733 1698 1914 1763 ὤλεσε
1944 1701 2129 1781 θυμὸν,

658 1800 851 1866 Ἀστυ
879 1827 965 1879 τε,
998 1802 1094 1865 καὶ
1126 1804 1316 1881 λαοὺς,
1344 1804 1441 1865 καὶ
1473 1802 1665 1888 πατέρ’
1697 1803 2016 1880 εὖιιλεΐσας,

586 1908 803 1967 Πολλοὶ
834 1907 923 1966 διὰ
951 1904 1218 1990 στέρνοιο,
1249 1906 1346 1968 καὶ
1374 1903 1606 1979 ἀσπίδος
1638 1905 2056 1987 ὀμφαλοέσσης,

675 2007 793 2069 Καὶ
822 2008 912 2068 διὰ
943 2005 1174 2092 Θώρηκος
1202 2005 1429 2092 πρόσθεν
1459 2007 1820 2088 ἔληλαμένος.

585 2111 699 2172 Τὸν
727 2110 771 2170 δ’
803 2109 1163 2194 ὀλοφύρονται
1190 2109 1293 2190 μὶν
1324 2114 1469 2189 ὁμῶς
1498 2108 1601 2171 νέοι
1632 2109 1719 2184 ἠδὲ
1749 2107 2028 2194 γέροντες,

671 2208 980 2297 Ἀργαλὲφ
1010 2235 1073 2272 τε
1099 2208 1243 2297 πόθῳ
1270 2214 1432 2274 πὲἱσα
1461 2209 1653 2286 niun&
1681 2209 1858 2283 πόλις.

588 2312 707 2375 Καὶ
739 2310 978 2391 τύμβος,
1009 2312 1107 2374 καὶ
1139 2314 1326 2386 παῖδες
1356 2315 1409 2374 ἐν
1439 2311 1729 2397 ἀνθρώποις
1759 2309 2047 2396 ἂρῖσημοι,

673 2414 790 2476 Καὶ
818 2411 1026 2477 παίδων
1056 2415 1265 2492 παῖδας,
1297 2414 1395 2477 καὶ
1424 2413 1584 2500 γένος
1614 2412 1872 2489 &fou-icon.

584 2514 868 2579 Οὐδέποτε
899 2515 1061 2589 κλέος
1090 2516 1284 2580 ἐσθλὸν
1312 2514 1658 2594 ἀπόλλυται,
1691 2516 1797 2577 οὐδ’
1828 2513 1974 2595 ὄνομ’
2003 2517 2195 2577 αὐτοῦ·

665 2618 842 2682 Ἀλλ’
873 2619 975 2682 ὑπὸ
1006 2623 1110 2704 γῆς
1138 2644 1241 2704 περ
1273 2616 1370 2683 Um
1396 2617 1661 2704 γίγνεται
1692 2616 1981 2691 ἀθάνατος.

1364 2721 1598 2786 Gnou.
1632 2722 1845 2785 Pon-r.
1876 2721 2200 2785 Batmcx.
2227 2740 2294 2806 p.
2326 2715 2435 2782 62.

513 2896 652 2967 His
688 2908 931 2969 autem
964 2920 1131 2968 cum
1178 2896 1362 2968 nihil
1408 2921 1730 2992 unquam
1775 2899 2183 2991 proeclarius
2229 2908 2340 2969 est
2375 2897 2525 2968 dic-

407 3023 593 3095 tum,
627 3023 871 3083 tamen
919 3012 996 3083 id
1043 3036 1168 3083 vos
1218 3014 1438 3104 probe
1489 3013 1746 3084 animis
1795 3024 2043 3084 tenere
2091 3021 2294 3105 puto,
2329 3013 2523 3104 quod

398 3126 839 3225 jampridem
889 3126 1201 3219 positum
1247 3136 1380 3209 est,
1415 3150 1765 3198 summam
1815 3126 2085 3198 scilicet
2127 3126 2323 3196 hisce
2367 3150 2526 3197 sen-

409 3242 659 3315 tentiis
710 3253 868 3313 tum
917 3243 1207 3313 demum
1259 3242 1595 3312 accedere
1634 3242 1967 3338 gratiam,
2002 3242 2061 3313 si
2095 3265 2191 3312 ex
2226 3241 2360 3312 viri
2395 3241 2523 3313 ali-

412 3359 616 3452 cujus
652 3380 774 3429 ore
809 3367 976 3450 apte
1011 3357 1203 3428 inter
1236 3357 1598 3452 agendum
1634 3357 1997 3440 excidant,
2032 3358 2336 3430 dicentis
2367 3382 2521 3430 mo-

412 3473 606 3545 ribus
640 3498 725 3545 ac
761 3473 1070 3546 fortunis
1117 3475 1299 3545 bene
1350 3473 1877 3559 convenienteS,
1912 3474 2516 3568 quemadmodum

412 3590 552 3661 ista
584 3589 889 3683 Euryali
924 3591 1018 3661 ad
1043 3589 1304 3662 Nisum
1339 3613 1416 3662 se
1451 3614 1494 3660 a
1525 3589 1857 3682 periculis
1891 3591 2415 3664 dehortantem.

586 3760 734 3824 Non
764 3758 855 3822 ita
880 3780 982 3822 me
1008 3758 1276 3845 genitor,
1306 3757 1488 3823 bellis
1515 3773 1824 3839 assuetuS,
1858 3760 2162 3848 Opheltes

583 3859 962 3948 Argolicum
990 3874 1289 3925 terrorem
1317 3861 1484 3926 inter
1511 3863 1856 3950 Trojaeque
1884 3862 2129 3946 labores

589 3963 922 4029 Sublatum
954 3962 1221 4038 erudiit;
1270 3987 1384 4028 nec
1413 3978 1616 4028 tecum
1650 3965 1799 4030 talia
1824 3966 2009 4052 gessi,

586 4066 1073 4153 Magnanimum
1109 4067 1356 4131 AEnean
1389 4079 1453 4130 et
1480 4066 1612 4131 fata
1640 4083 1923 4133 extrema
1950 4080 2218 4132 secutus.

1394 4177 1537 4242 xz
