3559 5575
487 95 552 158 450
827 91 948 154 PARS
972 89 1163 154 TERTIA
1255 91 1370 155 Pasa.
1386 91 1550 157 XXXV.
1667 155 1668 168 ,

486 261 596 336 dines
618 264 790 336 affectant
811 262 926 335 fmme
947 285 1083 346 omnes,
1099 273 1138 334 et
1154 263 1192 334 in
1215 263 1314 334 omni
1336 275 1549 357 poematum

486 405 638 479 genere:
663 401 781 472 neque
797 402 883 450 sane
901 379 957 450 his
977 379 1118 451 dulcius
1140 379 1229 472 quid
1250 403 1412 474 unquam
1437 405 1551 454 exco-

486 498 642 595 gitatum
660 497 786 581 fateor,
798 504 864 566 aut
880 495 979 589 quod
995 496 1072 566 sine
1088 494 1233 567 fastidio
1250 495 1406 569 delectet
1419 499 1548 594 magis,
1667 551 1668 564 .

486 614 621 686 autad
644 611 853 682 reficiendos
875 634 1000 683 sensus
1023 610 1071 683 sit
1090 611 1219 703 aptius.
1273 613 1396 707 Hujus
1421 624 1548 685 autem

486 728 556 800 loci
580 749 807 821 nequaquam
833 726 904 797 erit
929 728 976 798 ad
1003 727 1183 798 infinitam
1209 751 1314 820 paene
1343 728 1546 800 doctrinam

487 845 713 927 descendere,
730 865 813 935 quae
831 842 876 913 de
894 842 1181 914 Similitudinum
1199 843 1379 938 dignitate
1401 870 1443 916 ac
1466 847 1548 938 pul·

470 961 693 1034 chritudine
713 968 886 1043 versatur,
910 970 1017 1050 prout
1042 983 1064 1030 a
1087 959 1193 1030 rebus
1218 959 1386 1031 animatis
1409 971 1475 1031 aut
1492 961 1547 1031 in-

488 1077 668 1163 animatis,
685 1100 707 1146 a
724 1077 824 1157 coelo,
841 1098 864 1144 a
879 1097 974 1157 rure,
992 1085 1057 1144 aut
1072 1098 1095 1144 a
1112 1073 1261 1146 diversis
1277 1075 1365 1146 vitae
1388 1077 1546 1148 muneri·

487 1195 556 1265 bus
572 1192 746 1288 originem
764 1191 909 1262 ducant.
960 1189 1057 1260 Nam
1074 1190 1218 1261 tametsi
1237 1192 1296 1260 hae
1312 1214 1369 1262 res
1386 1215 1451 1261 suo
1471 1215 1542 1264 non

488 1319 613 1382 carent
629 1310 797 1401 pondere,
810 1306 892 1378 atsi
909 1305 988 1400 quis
1005 1305 1172 1376 instituto
1189 1305 1274 1377 olim
1291 1330 1313 1377 a
1329 1307 1433 1378 nobis
1445 1308 1544 1400 operi

487 1425 650 1495 animum
667 1424 860 1519 diligenter
874 1420 1083 1506 adverterit,
1096 1422 1252 1492 multum
1265 1421 1416 1492 fortasse
1431 1421 1470 1492 in
1489 1423 1544 1492 his

487 1564 585 1612 curae
609 1541 839 1631 absumptum
863 1561 941 1609 esse
964 1537 1180 1620 meminerit,
1197 1538 1342 1630 quando
1358 1535 1396 1608 in
1416 1537 1544 1609 Imita-

486 1655 594 1727 tionis
624 1655 661 1724 vi
689 1654 927 1747 expendenda
955 1663 1122 1725 accurate
1150 1676 1383 1724 versaremur.
1437 1653 1543 1724 'lunc

486 1771 584 1843 enim
600 1795 648 1842 ex
665 1771 772 1842 variis
789 1780 931 1842 naturae
948 1770 1109 1862 partibus
1126 1770 1294 1841 adductae
1314 1779 1400 1840 sunt
1415 1769 1542 1866 imagi·

486 1912 561 1972 nes,
578 1911 661 1982 quae
678 1883 927 1959 admirabilem
947 1895 1012 1957 aut
1028 1885 1185 1980 eligendi
1208 1871 1273 1957 aut
1290 1886 1460 1982 pingendi
1485 1910 1541 1957 ar-

486 2016 561 2078 tem
578 2004 827 2098 predicarent,
844 2025 1064 2096 quamquam
1087 2001 1373 2073 Similitudinum
1395 2001 1540 2074 nominc

488 2145 594 2192 suum
610 2121 649 2192 in
666 2131 831 2214 poemate
846 2121 965 2190 locum
982 2117 1214 2190 obtinuerint.

536 2237 646 2309 Nunc
662 2237 733 2307 alia
748 2238 854 2329 plane
871 2258 928 2306 res
944 2234 1081 2330 agitur:
1108 2256 1225 2327 neque
1243 2233 1339 2306 enim
1356 2231 1541 2327 imagines

485 2376 568 2446 quae
593 2361 857 2445 comparantur,
874 2351 938 2421 sed
959 2347 1249 2445 comparationis
1270 2335 1381 2442 ipsius
1397 2349 1474 2420 vim
1499 2373 1539 2420 ac

484 2468 740 2561 proprietatem
766 2466 1004 2539 animadverti
1029 2467 1130 2537 volo:
1165 2488 1237 2559 qua
1265 2465 1438 2536 nimirum
1462 2467 1539 2561 lege

484 2581 620 2674 optime
636 2584 732 2652 inter
747 2605 785 2652 se
802 2584 1069 2676 conjungantur
1086 2605 1154 2668 res,
1167 2591 1210 2652 ut
1223 2581 1452 2674 phantasiam
1468 2605 1537 2653 non

484 2697 610 2768 rudem
628 2693 771 2789 penitus
788 2705 825 2766 et
842 2705 1021 2790 agrestem
1039 2698 1258 2791 permulcere
1274 2697 1421 2790 possint.

535 2812 699 2884 Primum
716 2812 829 2908 igitur
843 2812 1057 2907 fugiendum
1075 2813 1220 2885 omnino
1237 2836 1423 2887 censemus
1434 2814 1540 2887 Asia-

485 2929 598 3001 ticum
626 2929 717 3001 illud
742 2952 868 3025 genus,
894 2930 991 3023 quod
1017 2952 1109 3000 verae
1135 2928 1378 3002 similitudinis
1403 2934 1538 3005 nullam

484 3046 743 3139 propemodum
772 3068 897 3117 curam
926 3045 1049 3117 haberi
1078 3045 1258 3116 vidimus:
1292 3069 1405 3139 quum
1432 3047 1473 3119 in
1504 3048 1540 3120 id

484 3162 599 3231 solum
621 3160 754 3234 intenti
771 3160 961 3231 videantur
984 3161 1183 3252 scriptores,
1200 3171 1243 3231 ut
1260 3159 1435 3252 speciosas
1455 3163 1539 3233 hinc

484 3273 583 3345 illinc
609 3275 817 3371 dispergant
839 3274 1024 3369 imagines
1078 3275 1160 3346 Hoc
1176 3274 1303 3368 utique
1319 3274 1357 3345 in
1375 3274 1478 3361 vitio,
1496 3300 1539 3347 nc

484 3391 588 3482 plura
610 3414 898 3477 commemorem,
914 3401 969 3463 est
986 3388 1141 3462 Arabica
1164 3390 1226 3461 illa
1250 3391 1431 3463 exercitus
1456 3414 1539 3464 cum

484 3528 568 3577 vere
592 3507 822 3598 comparatio,
839 3508 908 3577 etsi
927 3506 1074 3578 lonasio
1098 3506 1207 3596 (facili
1232 3507 1339 3579 nimis
1360 3508 1540 3582 Asiatico·

484 3645 564 3693 rum
576 3620 706 3717 judici)
724 3644 897 3714 perquam
915 3622 1100 3714 placuerit.

529 3792 551 3823 “
567 3781 691 3871 Agitati
706 3796 781 3847 sunt
789 3780 970 3870 jaculorum
985 3797 1015 3847 et
1031 3783 1207 3870 pugionum
1222 3806 1400 3861 mucrones,
1414 3796 1447 3847 et
1462 3806 1539 3870 pm·

486 3892 508 3925 “
522 3882 650 3949 dierunt
659 3883 854 3949 ramulorum
864 3882 1097 3956 extremitatem
1113 3882 1268 3969 explicata
1278 3898 1352 3949 sunt
1360 3882 1539 3949 cohortium

484 3994 506 4025 “
521 3986 645 4064 vexilla,
660 4000 692 4051 et
706 3985 804 4074 sparsi
817 3985 911 4049 flores
925 3982 1167 4071 splendidissimi
1181 4008 1277 4073 super
1298 3986 1425 4051 collium
1444 3986 1539 4075 juga.
