3559 5575
1992 469 2074 520 iv

983 640 1378 721 saviente
1428 634 1670 731 bello,
1706 634 1923 716 nihil
1972 651 2123 716 aut
2159 638 2362 717 satis
2408 652 2735 721 certum
2772 647 3346 738 videm-

981 796 1127 865 tur
1161 782 1386 864 domi
1426 797 1578 862 aut
1611 780 1906 862 laetum
1952 778 2176 874 foris,
2211 781 2428 862 bene
2474 785 2937 891 equidem
3032 823 3329 880 me.

980 928 1243 1009 moria
1294 926 1890 1019 tenebamubi
1944 938 2130 1003 tum
2184 924 2324 1004 Tu
2374 938 3300 1037 emesetquibus

978 1097 1032 1150 a
1073 1072 1449 1181 partibus
1499 1070 1885 1150 stetissoe.
1999 1064 2338 1148 Civium
2386 1096 2690 1179 nempe
2744 1072 3273 1169 illorum

976 1228 1310 1297 tantum
1350 1242 1518 1296 non
1559 1214 1944 1323 princeps
1971 1213 2388 1307 exstitisti,
2410 1240 2773 1320 quorum
2812 1247 3256 1329 opera,

976 1359 1044 1440 si
1083 1359 1293 1468 quid
1337 1355 1571 1441 aliud
1613 1358 1723 1437 de
1773 1356 2111 1437 civitate
2160 1354 2825 1438 administranda
2867 1366 3242 1451 affir-

973 1530 1202 1587 mare
1272 1505 1563 1599 ausim,
1637 1501 1995 1583 dixerim
2078 1497 2328 1608 plane
2412 1498 3218 1597 Renum-suem

975 1673 1203 1729 ‘rm-‘c
1244 1677 1442 1729 zsss
1485 1674 1853 1727 summ.

1081 1931 1398 2015 Verum
1438 1931 1620 2014 haec
1655 1915 1798 2014 a'lii
1839 1931 2323 2012 narrabunt.
2427 1928 2651 2011 Mihi
2690 1946 2919 2015 certe
2957 1965 3163 2025 sa.

969 2073 1078 2155 tis
1115 2088 1295 2155 erat
1321 2072 1454 2155 vel
1490 2076 1579 2156 in
1618 2073 1961 2182 privatis
2001 2073 2168 2164 tuis
2206 2074 2578 2154 moribus
2614 2101 2710 2156 ac
2747 2079 3139 2183 studiis,

966 2218 1197 2327 quod
1233 2245 1370 2302 me
1406 2217 1515 2298 ad
1551 2216 1710 2300 hoc
1746 2215 2187 2298 consilium
2222 2218 2724 2325 capiendum
2779 2220 3133 2329 impel-

964 2360 1198 2446 leret.
1321 2360 1738 2444 Noveram
1814 2360 2042 2442 enim
2107 2373 2195 2442 te
2260 2362 2622 2445 maxima
2685 2361 3119 2452 humani-

964 2510 1162 2590 tatis
1198 2537 1295 2590 ac
1331 2507 1763 2591 literarum
1793 2503 2045 2588 laude
2072 2503 2467 2601 floruisse,
2496 2507 2902 2615 quamdiu
2929 2507 3103 2599 hic

963 2649 1604 2733 adolescentiam
1642 2652 1986 2759 agebas:
2027 2675 2417 2730 noveram
2455 2662 2543 2731 te
2569 2654 2751 2759 jam
2786 2653 3089 2738 animo

960 2808 1219 2906 atque
1275 2806 1522 2877 aetate
1577 2793 2054 2888 firmiorem,
2103 2805 2546 2902 postquam
2594 2794 2706 2875 ad
2761 2797 3078 2904 gravis—

961 2940 1169 3024 sima
1215 2938 1692 3051 reipublicae
1743 2965 2095 3019 munera
2144 2949 2477 3019 evectus
2527 2964 2764 3034 esse&
2800 2937 3072 3026 literis

960 3098 1242 3171 tamen
1301 3085 1573 3181 fuisse,
1620 3095 2035 3192 quantum
2093 3093 2520 3191 pateretur
2575 3083 2818 3165 istius
2868 3085 3066 3168 vitae

962 3230 1193 3326 ratio,
1236 3230 1605 3339 impense
1642 3227 2052 3309 deditum.
2174 3224 2416 3308 Nihil
2467 3254 2573 3310 ex
2609 3230 3062 3337 juventute

959 3386 1109 3456 tua
1165 3374 1628 3458 communis
1675 3369 1822 3454 illa
1872 3368 2127 3453 seculi
2178 3369 2404 3453 labes
2460 3382 2548 3453 et
2592 3373 3061 3481 corruptela

958 3517 1067 3599 ad
1104 3544 1190 3599 se
1230 3528 1617 3598 traxerat.
1737 3514 1978 3597 Nihil
2026 3542 2402 3624 unquam
2446 3514 2805 3622 ineptiis,
2843 3514 3060 3600 nihil

959 3655 1549 3768 voluptatibus
1612 3655 1827 3737 nihil
1890 3657 2230 3740 desidiae
2294 3657 2610 3740 datum.
2725 3658 3058 3767 Quippe

957 3799 1078 3882 ita
1129 3799 1217 3882 in
1266 3799 1620 3908 negotiis
1658 3801 2154 3882 versandum
2199 3801 2695 3897 decreveraS,
2740 3813 2840 3883 ut
2885 3803 3055 3884 otio

958 3943 1455 4053 dignitatem
1521 3970 2080 4054 comparares;
2158 3946 2277 4027 ita
2342 3946 2515 4028 otio
2579 3945 3051 4043 fruendum,

957 4099 1059 4169 ut
1117 4084 1441 4197 aliquid
1505 4114 1827 4198 semper
1888 4088 2087 4170 inde
2152 4089 2262 4171 ad
2335 4087 2754 4198 publicam
2826 4088 3050 4178 utili-

959 4241 1215 4315 tatem
1257 4231 1560 4316 ederes,
