3559 5575
467 183 532 248 lua
837 173 960 238 PARS
983 170 1145 237 PRIMA
1324 168 1435 236 Pur..
1452 170 1521 239 1x.

468 351 542 424 mel
553 352 621 422 hoc
634 349 812 420 dicentem
825 345 999 429 audiistis,
1011 346 1123 438 probe
1138 343 1324 438 cognitum
1339 346 1427 437 est,)
1438 344 1525 436 quia

466 465 533 536 vix
557 485 715 558 unquam
741 463 821 532 baec
843 459 983 530 minora
1006 460 1053 530 de
1075 457 1265 542 industria,
1282 467 1320 529 et
1336 458 1393 528 sui
1415 481 1525 529 causa

468 587 690 671 aucupatur:
715 574 856 667 parcius
879 577 994 645 multo
1019 573 1058 644 id
1080 573 1211 668 agitet
1228 574 1275 645 de
1290 576 1431 645 occulto
1447 597 1524 644 ma-

467 693 546 790 gis:
572 703 610 763 et
626 690 756 783 siquae
772 689 1011 762 adhibeantur
1029 688 1151 779 (sicuti
1172 698 1258 759 sunt
1275 690 1367 759 bene
1389 689 1520 779 multa)

463 806 603 902 judicio
628 807 707 876 haec
731 803 863 897 premit
880 826 1014 886 severo,
1031 812 1069 873 et
1085 803 1134 873 ad
1155 802 1315 894 proprias
1331 813 1452 894 partes
1466 827 1523 874 re·

468 931 754 1012 uocat-nempe
777 929 818 990 ut
838 919 970 990 fabulae
992 927 1030 988 et
1047 917 1234 988 affectibus
1256 917 1522 988 commovendis

467 1037 756 1110 inserviant-ut
768 1045 852 1126 apte
869 1057 952 1107 cum
970 1031 1110 1103 caeteris
1122 1031 1160 1102 in
1175 1053 1290 1102 unum
1301 1042 1522 1103 coeant-ut

468 1152 538 1224 toti
554 1150 673 1244 potius
696 1149 835 1242 corpori
855 1148 1045 1220 offundant
1061 1144 1227 1242 gratiam,
1244 1169 1353 1240 quam
1379 1144 1521 1237 proprio

468 1267 655 1360 splendore
672 1265 845 1336 eniteant.

471 1437 474 1446 .
519 1381 684 1462 Quodsi
710 1377 1045 1471 praestantissimum
1075 1378 1156 1472 quis
1184 1375 1276 1471 petit
1303 1377 1522 1468 exemplum,

467 1495 629 1588 perlegat
645 1493 707 1564 illa
723 1491 761 1562 in
779 1494 934 1563 secundo
946 1492 1127 1575 AEueidos,
1139 1491 1201 1563 ubi
1217 1489 1522 1584 expugnationem

469 1618 507 1684 et
524 1607 728 1678 incendium
746 1607 844 1677 urbis
860 1607 992 1678 AEneas
1008 1622 1142 1678 namet.
1179 1606 1233 1677 At
1250 1629 1332 1698 quae
1349 1606 1395 1676 de
1411 1603 1521 1675 animi

470 1721 526 1792 sui
551 1720 737 1792 affectibus
762 1721 962 1813 profitetur,
984 1745 1049 1812 pro
1069 1720 1168 1793 vario
1193 1719 1439 1792 calamitatum
1462 1727 1523 1814 ge

469 1858 555 1908 nere
580 1835 709 1927 quibus
734 1834 900 1907 interfuit
923 1836 1122 1919 commotis,
1144 1859 1216 1906 non
1241 1845 1317 1906 tam
1344 1834 1522 1927 exquisita

471 1960 556 2022 sunt
569 1949 642 2033 illa,
656 1960 831 2043 quantum
845 1948 980 2042 optime
996 1950 1035 2020 in
1052 1973 1129 2020 rem
1146 1950 1376 2034 conveniunt,
1393 1959 1431 2020 et
1444 1970 1522 2018 nar-

470 2066 646 2138 rationem
663 2065 849 2160 adjuvant.
877 2064 1229 2158 Conspectascilicet
1242 2065 1380 2135 Priami
1397 2073 1521 2147 morte,

471 2180 600 2275 ecquid
617 2180 735 2273 aptius
752 2179 901 2275 adjungi
920 2188 1061 2271 poterat
1073 2203 1181 2272 quam
1196 2203 1278 2272 quae
1295 2176 1519 2272 sequuntur?

522 2287 526 2296 ’
558 2319 608 2382 At
621 2339 671 2382 me
686 2332 756 2381 tum
769 2317 907 2404 primum
923 2339 1026 2380 saevus
1039 2314 1243 2379 circumstetit
1256 2315 1383 2379 horror:
1517 2287 1522 2295 η

558 2418 737 2504 Obstupui:
760 2419 859 2482 audiit
873 2419 963 2480 chori
973 2419 1135 2505 genitoris
1149 2419 1269 2504 imago,

511 2563 516 2571 -
561 2517 606 2580 Ut
620 2537 727 2604 regem
744 2537 916 2603 :equanam
930 2516 1050 2582 crudeli
1065 2517 1194 2582 vulnere
1208 2518 1274 2582 vidi

477 2667 482 2680 .
558 2615 663 2680 Vitam
678 2616 895 2682 exhalantem:
920 2619 1017 2684 subiit
1030 2618 1154 2683 deserta
1167 2621 1299 2698 Credas,

558 2717 604 2780 Et
619 2715 742 2805 direpta
755 2717 879 2798 domus,
895 2734 927 2782 et
941 2719 1032 2807 parvi
1045 2743 1136 2784 casus
1152 2719 1228 2784 ltili.
1266 2720 1347 2784 ΖΕΝ.
1360 2718 1411 2784 ΙΙ.
1424 2723 1499 2789 559.

472 2861 624 2945 Deinde,
641 2863 729 2956 quid
746 2864 865 2935 media
881 2865 919 2935 in
936 2865 1024 2960 fuga
1040 2866 1201 2950 senserit,
1215 2865 1304 2959 quid
1320 2876 1401 2958 post
1417 2866 1523 2936 amis-

472 3000 548 3048 sam
564 2972 750 3061 Creusam,
763 2979 851 3072 quid
867 2980 931 3050 ubi
943 2981 1060 3052 denuo
1073 2975 1111 3050 in
1125 2982 1249 3051 urbem
1262 2962 1435 3064 reversus,
1446 2992 1519 3052 tam

472 3092 569 3163 brevi
588 3094 703 3186 spatio
721 3080 898 3167 mutatam
916 3118 1035 3166 rerum
1053 3094 1181 3167 faciem
1204 3095 1331 3184 cernit,
1348 3095 1428 3188 pari
1451 3096 1521 3167 fide

470 3217 525 3278 est
542 3208 589 3279 ad
605 3220 746 3281 naturae
763 3211 947 3302 exemplar
963 3210 1195 3281 elaboratum.

478 3305 482 3315 ⁵
521 3324 729 3404 Quinetiam
755 3324 785 3395 si
810 3325 889 3417 quis
911 3325 1015 3395 ludos
1039 3323 1076 3393 in
1103 3324 1230 3416 quinto
1245 3324 1417 3397 AEueidos
1439 3348 1521 3395 cum

472 3448 683 3529 argumento
701 3438 808 3507 simili
831 3437 867 3507 in
887 3438 1034 3509 Punicis
1053 3438 1181 3521 Italici,
1199 3450 1336 3533 quanto
1357 3442 1438 3532 plus
1463 3438 1522 3510 hic

471 3571 566 3618 curae
584 3551 742 3641 posuerit
757 3549 796 3621 in
813 3550 962 3623 minutis
978 3554 1197 3646 exequendis
1212 3554 1317 3626 facile
1335 3553 1521 3625 constabit.

471 3663 696 3735 Certantium
714 3664 859 3758 quidem
877 3690 939 3737 ora
952 3678 989 3739 et
1001 3678 1134 3763 gestus,
1147 3669 1202 3741 uti
1214 3670 1364 3742 decebat
1377 3670 1414 3741 in
1433 3693 1523 3763 prae-

470 3776 576 3871 eipua
588 3803 638 3863 re,
649 3790 686 3851 et
697 3780 812 3853 varios
825 3782 981 3874 corporis
997 3784 1179 3878 animique
1197 3794 1315 3856 motus
1331 3782 1522 3878 diligenter

469 3894 619 3987 exponit
635 3894 830 3991 Virgilius:
861 3921 944 3991 quae
968 3909 1091 3971 autem
1116 3900 1161 3971 de
1187 3898 1446 3991 spectatoribus
1470 3897 1523 3969 ait

469 4009 553 4081 laxa
569 4022 654 4085 sunt
671 4010 757 4083 satis
774 4024 811 4085 et
829 4012 1052 4086 communia:
