3559 5575
297 551 411 616 Pana.
428 551 488 616 IV.
621 551 687 616 DE
711 548 1028 617 IMITATIONE.
1311 555 1355 620 to

383 721 529 788 Flectere
542 721 603 787 iter
615 721 717 801 maiis,
732 733 890 809 terreque
902 720 1068 786 advertere
1079 742 1191 808 proras

383 824 513 914 Incipit,
529 838 561 890 et
575 823 668 890 laetus
682 824 782 892 fluvio
797 823 938 890 succedit
950 846 1059 913 opaco.

294 955 496 1050 Eleganter
512 955 600 1028 item
618 957 770 1028 eandem
787 978 865 1028 rem
885 955 1071 1028 interdum
1093 954 1218 1051 attigit
1235 955 1355 1030 Hora·

293 1071 379 1156 tius,
396 1081 512 1147 artem
528 1071 633 1167 quasi
649 1072 890 1156 dissimulans,
906 1082 946 1145 et
957 1071 1145 1145 brevitatis
1161 1071 1351 1146 studiosus.

384 1274 457 1352 Qua
471 1272 568 1361 pinus
582 1273 694 1361 ingena
707 1272 843 1361 albaque
858 1272 998 1361 populus

382 1375 539 1440 Umbram
555 1374 742 1464 hospitalem
757 1375 935 1441 consociare
948 1389 1055 1440 amant

426 1476 551 1555 Remis,
565 1490 599 1541 et
612 1475 743 1562 obliquo
756 1476 880 1542 laborat

424 1577 579 1667 Lympha
592 1578 694 1667 fugax
709 1577 867 1666 trepidare
881 1577 961 1643 rivo.
1081 1579 1145 1642 On.
1163 1578 1213 1642 11.
1228 1578 1263 1642 8.
1275 1579 1308 1647 9.

291 1771 350 1842 De
368 1770 530 1844 Homero
552 1773 685 1844 nollem
708 1772 747 1844 in
770 1775 839 1844 hac
860 1781 964 1865 parte
987 1771 1099 1864 loqui,
1115 1768 1287 1864 quoniam
1310 1769 1350 1839 in

292 1887 447 1984 regionis
476 1888 592 1960 forma
621 1888 866 1977 describenda,
895 1887 1071 1984 ejusmodi
1097 1887 1179 1959 dico
1207 1885 1351 1981 qualem

292 2004 361 2076 sibi
377 2015 561 2078 sumerent
577 2005 743 2100 pictores,
760 2029 877 2101 neque
895 2015 950 2078 est
967 2007 1135 2100 frequens
1151 2027 1270 2098 neque
1287 2004 1351 2076 ad-

291 2121 440 2193 modum
465 2122 574 2193 felix:
601 2146 807 2218 quunquam
833 2122 1053 2194 admirabilis
1077 2121 1142 2193 illa
1159 2121 1213 2193 vis
1238 2120 1352 2193 animi

291 2259 364 2330 qua
388 2238 488 2334 viget
514 2261 665 2332 semper,
688 2251 732 2311 ut
753 2240 832 2311 haec
857 2239 923 2310 vix
949 2239 1192 2311 desideremus
1221 2237 1350 2321 efficit3

291 2363 330 2424 et
347 2355 379 2424 si
395 2357 541 2449 quando
556 2355 594 2426 in
613 2356 670 2426 his
686 2366 862 2439 versatur,
878 2355 1086 2450 longissime
1107 2355 1209 2426 abest
1228 2356 1275 2426 ab
1299 2354 1352 2426 ef·

293 2468 382 2542 foeta
400 2470 464 2541 illa
487 2470 719 2565 exanimique
741 2493 862 2542 rerum
882 2469 1088 2540 imitatione
1109 2492 1219 2563 quam
1243 2471 1351 2563 poulo

294 2596 379 2657 ante
396 2586 588 2657 diximus·
618 2585 793 2668 Quinimo
817 2586 855 2656 in
883 2607 1008 2656 eorum
1033 2585 1250 2657 sententiam
1278 2609 1350 2658 non

293 2702 430 2775 invitus
460 2703 559 2788 cedo,
582 2703 646 2798 qui
675 2727 760 2774 rura
787 2726 832 2774 oc
858 2701 1021 2799 regiones
1050 2724 1135 2797 cum
1162 2713 1351 2777 venustate

291 2821 448 2915 quadam
464 2820 503 2891 in
521 2820 739 2893 carminibus
755 2820 955 2893 describere
971 2842 1048 2892 rem
1060 2843 1137 2892 esse
1149 2819 1253 2893 aiunt
1264 2831 1351 2893 ante

290 2934 451 3032 Augusti
468 2946 632 3030 tempora
648 2960 740 3030 pene
762 2936 1122 3033 ignotam-causam
1144 2936 1253 3007 simul
1275 2960 1350 3009 non

289 3053 450 3145 ineptam
468 3052 682 3136 adferentes,
695 3053 792 3148 quod
810 3052 971 3125 Pictores
984 3049 1088 3146 (quos
1102 3051 1225 3125 Poetis
1240 3052 1350 3125 mnae

290 3168 398 3241 duces
416 3171 558 3265 volunt)
575 3179 665 3243 tunc
682 3168 840 3262 primum
856 3165 923 3240 bin
941 3170 1015 3241 hoc
1036 3192 1151 3264 genm
1176 3167 1351 3265 pingendi

290 3309 394 3357 suam
409 3286 654 3379 impenderint
671 3308 827 3379 operam.

341 3402 366 3473 J
367 3424 425 3473 am
444 3423 540 3484 vero,
556 3410 599 3472 ut
617 3402 714 3471 unde
736 3400 870 3496 egressi
892 3422 1017 3471 sumus
1039 3409 1275 3487 revertamur,
1291 3424 1351 3475 eo·

292 3518 376 3590 dem
401 3517 477 3589 fere
499 3516 536 3588 in
560 3516 723 3588 omnium
745 3524 979 3589 externorum
1003 3514 1207 3588 imitatione
1231 3517 1351 3591 danda

291 3646 378 3709 sunt
393 3642 587 3728 praecepta,
604 3656 688 3728 quae
704 3632 880 3705 valentin
898 3635 1058 3704 locorum
1075 3632 1324 3727 descriptione.

342 3752 511 3824 Infinitus
527 3774 639 3847 prope
661 3773 776 3823 essem
799 3750 830 3821 si
852 3752 959 3844 plena
979 3752 1146 3843 exempla
1170 3753 1348 3827 adferrem
1390 3832 1398 3845 ⁶

291 3892 339 3941 ex
355 3868 499 3954 Ouidio,
517 3868 678 3953 Lucano,
695 3867 844 3963 aliisque
860 3890 1014 3962 qnorum
1033 3867 1178 3964 iugenio
1195 3869 1259 3941 vix
1280 3894 1349 3943 un-

292 4008 401 4079 quam
424 3985 579 4056 fraenum
600 3985 771 4079 imposuit
792 3985 900 4058 docta
923 3995 960 4057 ct
978 3986 1155 4082 castigata
1179 3986 1348 4080 simplici·

291 4110 359 4173 tas.
411 4100 621 4175 Meminerit
639 4102 756 4189 modo,
774 4102 839 4197 qui
854 4103 934 4175 haec
950 4102 1084 4197 cupiat,
1102 4126 1210 4198 quam
1227 4102 1348 4197 pueri-

231 4246 234 4253 ’
290 4218 374 4292 liter
389 4218 427 4289 in
445 4217 581 4291 diluvio
597 4220 821 4314 exspatietur
831 4218 996 4308 Ovidius,
1013 4243 1123 4315 quam
1138 4218 1346 4292 incendium

558 4468 573 4507 b
587 4466 654 4525 tud.
669 4464 743 4525 Plio.
760 4464 838 4524 Hiot.
853 4466 925 4526 Nat.
938 4486 1018 4526 xxxv.
1034 4485 1078 4524 ro.

788 4582 816 4634 a
834 4568 858 4634 3
