3559 5575
503 182 548 250 80
871 169 994 240 PARS
1016 167 1178 236 PRIMA
1368 166 1486 234 Pena.
1506 165 1580 230 VI.

584 352 588 361 ’
634 351 734 435 strip
748 345 815 434 t‘nIp
830 344 924 410 teitau
936 346 988 410 nai
1002 340 1123 427 αὒχὲνος
1136 341 1249 427 papeha

628 449 743 536 ‘Aspare
754 445 843 533 dippu
856 444 967 522 λεόντος
980 441 1142 528 ἅφημμίνον
1156 443 1188 505 ix
1201 439 1351 507 addam.

1197 543 1363 606 ΕῙΔΎΛΛ.
1380 543 1447 604 KB.
1462 541 1524 603 44.

555 703 704 778 Infinita
726 709 822 780 ,sunt
855 708 1044 794 poetarum
1077 695 1278 791 praesertim
1313 695 1575 766 Romanorum

504 825 583 896 loca
599 845 681 916 quae
699 819 824 892 eodem
838 817 913 890 fere
925 812 1241 908 redeunt—digna
1256 835 1342 883 sane
1361 822 1574 883 memoratu

504 951 544 1014 et
567 958 740 1034 perquam
759 932 934 1030 jucunda,
956 928 1026 1001 nisi
1050 929 1098 1001 ad
1123 929 1194 1000 alia
1218 927 1423 1021 properanti
1452 929 1572 998 nimis

504 1058 650 1152 longam
672 1050 878 1146 injecissent
896 1069 1044 1118 moram.
1095 1045 1179 1117 Duo
1204 1053 1326 1116 tamen
1353 1044 1571 1115 brevissima

501 1191 553 1244 ex
570 1167 659 1244 Silio'
677 1167 805 1240 Italico
822 1164 1032 1259 adjungam,
1048 1162 1202 1232 alterum
1218 1160 1266 1230 de
1282 1157 1471 1251 Cupidine,

505 1322 508 1332 ’
592 1303 752 1370 Paruulus
765 1324 804 1366 ex
820 1299 953 1364 humero
966 1311 1103 1385 corytos,
1116 1310 1150 1360 et
1162 1317 1279 1360 aureus
1292 1317 1384 1359 arcus
1558 1303 1562 1306 ’

505 1427 509 1434 ·
593 1407 764 1494 Fuigebat,
779 1417 925 1488 nutuque
938 1413 1048 1466 vetans
1062 1396 1220 1486 trepidare
1233 1411 1408 1484 parentem,

592 1507 796 1574 Monstrabat
809 1503 972 1592 gravidam
989 1503 1060 1568 telis
1072 1526 1105 1568 se
1119 1503 1202 1566 serre
1216 1500 1407 1588 pharetram.

1258 1605 1327 1667 Su..
1344 1603 1425 1668 v11.
1439 1603 1518 1666 443.

507 1736 610 1807 Pana
621 1735 774 1807 alterum
787 1733 842 1806 his
856 1733 1016 1805 versibus
1028 1733 1074 1804 ad
1089 1754 1248 1828 unguem
1265 1730 1439 1826 depingit,
1453 1729 1563 1799 sicuti

507 1875 590 1923 eum
607 1850 645 1922 in
660 1851 791 1922 tabulis
804 1849 986 1946 signisque
998 1873 1069 1921 nou
1083 1873 1164 1920 raro
1174 1870 1383 1940 expressum
1392 1846 1561 1928 vidimus,

507 1993 511 2002 ’
595 1987 763 2054 Interdum
777 1987 924 2066 inflexus,
938 1986 1044 2052 medio
1057 1985 1216 2051 nascentia
1229 1998 1319 2072 tergo

594 2090 737 2180 Respicit
750 2089 893 2156 arridens
907 2089 1001 2154 hirtae
1014 2088 1152 2154 ludibria
1165 2087 1293 2154 caudae:

526 2225 527 2228 ¹
595 2194 844 2284 Obtendensque
859 2215 988 2258 manum
1003 2193 1100 2258 solem
1113 2190 1320 2256 infervescere
1332 2189 1430 2256 fiunti

594 2301 705 2378 Arcet,
721 2311 753 2363 et
769 2297 916 2363 umbrato
928 2294 1099 2384 perlustrat
1109 2316 1227 2382 pascua
1240 2293 1320 2357 visu.

1231 2399 1299 2461 Srn.
1317 2397 1426 2461 XIII.
1441 2397 1514 2466 339.

559 2533 746 2604 Hactenus
762 2534 808 2604 de
825 2533 991 2606 subsidiis
1004 2557 1086 2629 quae
1098 2558 1149 2605 ex·
1159 2534 1322 2629 cognatis
1335 2534 1471 2605 artibus
1484 2532 1557 2625 peti

508 2650 687 2720 videntur.
736 2647 791 2720 At
814 2673 973 2743 persaepe
999 2651 1036 2721 in
1060 2651 1201 2743 poetica
1224 2649 1436 2732 imitatione,
1453 2651 1556 2744 longe

508 2765 648 2836 diversa
664 2766 710 2836 ab
728 2764 783 2837 his
800 2765 939 2839 ratione
956 2768 1132 2838 utendum
1150 2777 1215 2851 est,
1226 2792 1269 2839 ac
1282 2766 1342 2837 via
1357 2767 1462 2859 plane
1479 2790 1555 2847 sua;

508 2880 640 2974 quippe
656 2881 718 2952 ubi
736 2884 870 2977 majora
886 2907 1007 2955 rerum
1023 2884 1252 2967 lineamenta,
1268 2893 1439 2977 tanquam
1462 2906 1555 2954 com·

506 2997 630 3071 munia
647 3008 686 3070 et
702 2999 787 3071 satis
806 3010 892 3071 nota
908 2999 1145 3093 praeterimus,
1162 3011 1200 3071 et
1222 3024 1337 3093 pauca
1361 3000 1469 3071 modo
1494 3012 1555 3069 aut

505 3112 655 3210 fortasse
681 3138 794 3189 unum
820 3116 1013 3203 duntaxat,
1036 3115 1134 3208 quod
1156 3117 1235 3210 ejus
1260 3115 1313 3187 rei
1332 3138 1443 3209 quam
1467 3129 1555 3186 trac·

506 3240 625 3325 tumus
642 3232 800 3305 maxime
816 3231 864 3303 sit
880 3230 1076 3325 proprium,
1088 3242 1211 3323 aperte
1227 3241 1554 3303 commonstramus.

505 3346 588 3429 Quo
613 3348 723 3417 semel
747 3358 902 3439 arrepto,
924 3347 1021 3419 facili
1045 3346 1191 3442 negotio
1216 3370 1317 3419 mens
1345 3348 1393 3418 ad
1421 3346 1555 3440 reliqua

506 3459 670 3543 transire,
686 3470 724 3531 et
741 3461 851 3533 tacita
868 3473 987 3555 potest
1002 3463 1220 3559 cogitatione
1238 3464 1337 3559 quod
1359 3465 1461 3535 deest
1476 3488 1554 3556 sup-

506 3577 614 3668 plere.

556 3689 725 3784 Namque
754 3702 796 3763 ut
822 3692 860 3762 in
891 3695 1048 3766 moribus
1077 3696 1264 3767 hominum
1294 3708 1460 3768 accurate
1486 3706 1552 3767 tra-

506 3806 632 3877 dendis
655 3828 727 3876 non
751 3807 836 3879 satis
861 3819 918 3881 est
936 3810 1054 3902 prima
1076 3835 1118 3882 ac
1140 3812 1245 3883 rudia
1267 3812 1465 3884 describere
1487 3814 1552 3883 ele·

506 3932 639 4006 menta,
665 3946 748 4018 quae
777 3926 923 3997 tametsi
947 3927 1144 3999 maximam
1169 3928 1237 3999 sibi
1263 3928 1392 4000 mentis
1417 3940 1550 4021 partem

505 4038 700 4127 vindicent,
724 4040 815 4113 nihil
843 4053 965 4115 tamen
992 4044 1182 4117 conferunt
1206 4045 1253 4117 ad
1283 4044 1415 4141 singuli
1440 4047 1551 4141 cujus-
