3559 5575
959 96 1093 167 218
1653 90 1897 165 PARS
1945 89 2394 155 SECUNDA
2614 92 2842 156 Pam..
2877 91 3083 159 XVI.

1137 266 1198 329 O
1228 261 1413 327 dulce
1439 259 1708 349 pignus!
1756 263 1818 326 Ο
1849 260 2043 325 decus
2068 258 2262 348 lapsae
2289 260 2553 326 domus!

1134 466 1330 533 Iliaca
1357 489 1484 531 non
1513 479 1589 530 tu
1618 482 1866 554 sceptra
1892 464 2087 553 regali
2116 480 2345 554 potens

1133 569 1431 636 Gestabis
1457 568 1640 643 aula;
1679 569 1833 657 jura
1862 592 1977 633 nec
2004 567 2259 656 populis
2285 567 2490 649 dabis,

1134 672 1473 759 Victasque
1500 685 1722 759 gentes
1749 671 1870 735 sub
1900 684 2085 735 tuum
2116 671 2325 736 mittes
2346 672 2624 759 jugum;

1132 777 1283 841 Non
1314 774 1514 840 Graia
1538 773 1742 840 caedes
1771 788 1972 861 terga,
2003 796 2132 837 non
2163 774 2487 862 Pyrrhum
2518 774 2767 851 trahes;

1129 879 1279 945 Non
1309 901 1484 943 arma
1512 890 1728 943 tenera
1756 899 1955 964 parva
1983 876 2280 941 tractabis
2308 900 2527 958 manu,

1132 982 1521 1069 sparsasque
1547 979 1778 1067 passim
1810 978 2074 1044 saltibus
2099 978 2242 1043 latis
2267 978 2435 1043 feras

1132 1083 1377 1149 Audax
1406 1081 1716 1170 sequeris:
1764 1103 1880 1145 nec
1910 1093 2073 1146 stato
2100 1080 2286 1145 lustri
2312 1080 2418 1146 die

1133 1187 1404 1252 Solenne
1429 1185 1706 1251 referens
1735 1183 1953 1248 Troici
1981 1184 2159 1248 lusus
2189 1206 2460 1263 sacrum,

1132 1292 1308 1354 Puer
1334 1288 1555 1355 citatas
1581 1286 1807 1352 nobilis
1837 1300 2077 1351 turmas
2105 1309 2291 1373 ages:

1131 1392 1196 1454 N
1199 1412 1282 1454 ou
1309 1390 1474 1454 inter
1501 1412 1640 1453 aras
1667 1386 1884 1452 mobili
1913 1386 2103 1452 velox
2127 1386 2311 1475 pede,

1130 1492 1494 1555 Revocante
1522 1490 1688 1554 flexo
1717 1490 1992 1554 concitos
2020 1513 2219 1555 cornu
2248 1492 2494 1571 modos,

1128 1593 1470 1658 Barbarica
1496 1592 1702 1680 prisco
1730 1592 1969 1680 templa
1996 1592 2226 1658 saltatu
2254 1593 2440 1659 coles.
2518 1594 2796 1660 Tnoan.
2827 1594 2977 1664 766.

958 1779 1099 1852 His
1124 1788 1369 1851 autem
1391 1779 1722 1873 perlectis
1745 1779 2174 1872 Euripidem
2200 1779 2274 1850 in
2301 1780 2553 1852 eadem
2590 1802 2669 1851 re
2702 1780 3067 1863 adeamus,

957 1898 1076 1969 cui
1107 1897 1449 1991 profecto,
1473 1907 1560 1968 ut
1593 1897 1720 1990 qui
1752 1898 2117 1968 exsultare
2151 1906 2370 1989 atque
2404 1896 2478 1966 iu
2515 1896 2908 1990 longinqua
2940 1919 3073 1969 ex-

955 2037 1241 2087 currere
1290 2024 1486 2086 amet
1536 2013 1798 2095 minus,
1849 2012 2294 2105 propriisque
2345 2035 2420 2084 se
2470 2022 2753 2083 naturae
2806 2013 3069 2084 finibus

957 2132 1347 2216 contineat,
1380 2130 1617 2201 aditus
1649 2127 1916 2200 idcirco
1949 2129 2044 2200 ad
2075 2151 2197 2198 cor
2240 2137 2444 2220 patet
2477 2128 2789 2221 apertior
2834 2130 3064 2200 multo

945 2257 1032 2319 -et
1066 2247 1359 2319 facilior.

1202 2380 1296 2445 Ὠ
1323 2386 1448 2461 παῖ,
1479 2382 1765 2467 δακρύειςς
1813 2381 2043 2468 αἰσθάνῃ
2075 2387 2265 2445 κακῶν
2294 2380 2483 2457 «riom

1212 2482 1305 2547 Τι’.
1314 2504 1422 2564 μου
1453 2484 1707 2569 δέδραξαι
1736 2485 1934 2570 χερσὶ,
1968 2483 2219 2571 κᾲντέχῃ
2248 2484 2497 2562 πέπλων,

1212 2588 1272 2647 Ν
1276 2586 1467 2659 εοσσός
1490 2587 1624 2648 ὡσεὶ
1653 2587 1938 2671 πτέρυγας
1970 2591 2255 2651 εἰσπιτνῶν
2282 2585 2459 2668 ἓμᾶς;

1202 2786 1293 2852 Ὦ
1323 2789 1435 2853 νέον
1465 2789 1895 2874 ὑπαγκάλισμα
1921 2796 2090 2876 μητρὶ
2120 2789 2410 2873 φίλτατον.

1199 2887 1289 2954 Ὦ
1313 2890 1538 2978 χρωτδς
1570 2893 1664 2969 ἡδὺ
1692 2898 1933 2975 πνεῦμα.
1967 2895 2211 2970 διακενῆς
2241 2891 2355 2975 ἄρα

1209 2995 1312 3057 Ἐν
1342 2994 1685 3080 σπαργάνοις
1716 3020 1782 3057 σε
1810 2995 2034 3077 μαστὸς
2063 2992 2305 3082 ἐξέθρεψ’
2339 2993 2450 3058 ὅδε.

1148 3175 1156 3182 ·
1211 3098 1421 3175 Μάτην
1451 3099 1493 3159 δ’
1524 3097 1943 3184 ἐμόχθουν,·καὶ
1975 3097 2310 3176 κατεξάνθην
2337 3096 2538 3171 πόνοις.

1209 3204 1354 3280 Νῦν,
1386 3199 1440 3262 εἴ
1460 3201 1583 3263 ποτ’
1615 3199 1787 3280 αὖθις,
1819 3197 2011 3283 μητίρ’
2037 3200 2297 3279 ἀσπάζου
2330 3199 2501 3278 σέθεν,

1210 3302 1543 3386 Πρᾶσπιπτε
1574 3307 1670 3381 τὴν
1698 3308 1992 3367 τεκοῦσαν·
2038 3303 2182 3384 ἀμφὶ
2212 3303 2255 3364 δ’
2286 3301 2497 3376 ὠλένας

1195 3401 1437 3467 ‘Eam’
1469 3407 1618 3483 ἐμοῖς
1647 3403 1891 3482 νώτοισι,
1923 3406 2020 3467 καὶ
2050 3402 2217 3485 στόμ’
2248 3402 2517 3491 ἅρμοσον.

1198 3503 1287 3565 Ὠ
1315 3504 1560 3591 βάρβαρ’
1593 3506 1892 3592 ἐξευρόντες
1908 3505 2189 3585 “Eamus
2218 3512 2399 3588 κακοὶ,

1204 3605 1284 3669 Τί
1309 3606 1458 3669 τόνδε
1486 3609 1660 3671 παῖδα
1690 3608 1917 3672 κτείνετ’
1947 3609 2095 3673 οὐδὲν
2123 3609 2336 3685 αἵτιονς
2517 3612 2788 3675 TROAD.
2823 3612 2971 3679 744.

1033 3736 1247 3819 Quod
1271 3737 1333 3808 si
1355 3737 1516 3831 quis
1542 3737 1878 3811 disertius
1904 3741 2141 3812 adhuc
2164 3739 2485 3836 requirat
2510 3741 2843 3814 stultitiae
2867 3743 3060 3814 illius

947 3854 1383 3946 exemplum,
1417 3872 1581 3949 quae
1615 3856 1895 3961 tumido
1929 3880 2051 3928 ore
2086 3868 2162 3931 et
2190 3881 2378 3931 vano
2411 3858 2652 3930 sonitu
2675 3861 3061 3931 verborum

949 3972 1248 4045 affectus
1311 3971 1680 4066 obstrepit,
1737 3972 2163 4066 Thyestaeas
2218 3975 2378 4046 illas
2435 3997 2680 4068 preces
2733 3977 3060 4071 perlegat

3315 1839 3335 1920 l
