3559 5575
340 75 568 142 Puer„
597 75 819 141 XXX.
1003 76 1132 140 DE
1163 77 1769 156 PHANTASlA.
2322 82 2453 151 887

338 251 751 342 ponendum
802 249 1012 332 duco,
1053 273 1219 343 quae
1265 250 1360 321 ad
1406 250 1775 322 Poeticam
1826 250 2183 342 pertinen
2234 275 2452 346 quam

338 365 628 458 quidem
663 388 816 436 rem
849 364 978 435 vix
1010 366 1190 435 adeo
1220 364 1603 438 detrudere
1638 365 1894 448 ausim,
1931 376 2015 437 ut
2040 368 2454 462 hujusmodi

338 480 550 574 nugis
568 479 938 551 nectendis
959 480 1509 552 admirationem
1527 481 1727 577 vulgi
1745 491 2168 575 aucupetur.
2198 481 2452 554 Etiam

339 592 413 663 in
441 593 759 678 Pictura,
784 593 912 664 ubi
935 593 1325 689 Allegoriae
1359 595 1649 667 liberior
1682 604 1793 666 est
1819 619 1990 667 usus
2019 594 2300 688 (utpote
2334 596 2454 668 cui

338 731 482 779 non
506 709 643 779 nisi
663 710 1032 780 oculorum
1056 709 1449 781 ministerio
1470 734 1622 781 rem
1644 710 2102 801 interpretari
2121 711 2320 805 licet)
2343 722 2454 783 ta-

341 846 510 894 men
531 847 674 894 non
694 823 841 895 levi
861 824 1331 896 auctoritate⁸
1349 826 1624 897 innisus
1645 825 1980 911 dixerim,
1994 828 2131 896 hac
2150 826 2223 896 in
2248 836 2452 919 parte

345 962 860 1032 nonnunquam
918 950 1233 1011 erratum
1293 964 1488 1036 esse:
1558 942 1840 1035 quoties
1901 942 2169 1013 scilicet
2229 941 2454 1036 aenig-

344 1055 559 1125 matis
592 1055 818 1125 ferme
854 1064 1187 1127 naturam
1222 1078 1373 1147 prae
1416 1080 1492 1127 se
1540 1057 1725 1127 ferat
1758 1058 2046 1139 tabula;
2099 1068 2451 1128 mentem-

343 1191 486 1262 que
531 1170 925 1240 consundat
972 1170 1201 1264 magis
1246 1192 1465 1262 quam
1511 1179 1641 1241 aut
1674 1171 1928 1242 doceat
1963 1182 2091 1241 aut
2125 1171 2452 1241 delectet.

342 1284 555 1366 Quod
591 1282 651 1354 si
686 1295 840 1358 tota
874 1309 969 1356 ex
1004 1286 1115 1356 his
1148 1286 1421 1356 umbris
1455 1296 1532 1357 et
1564 1286 1898 1357 inanibus
1931 1285 2249 1378 personis
2289 1307 2456 1356 con-

342 1409 486 1471 stet
518 1399 781 1483 fabula,
814 1402 1155 1495 langueat
1188 1401 1530 1474 continuo
1578 1402 1860 1472 lectoris
1908 1402 2189 1473 animus
2235 1411 2311 1472 et
2340 1402 2456 1495 ja-

343 1524 555 1585 ceant
579 1538 863 1586 necesse
888 1527 998 1586 est
1024 1516 1343 1588 affectuS.
1414 1516 1638 1610 Cujus
1664 1517 1767 1587 rei
1804 1516 2175 1588 disertiore
2209 1538 2456 1587 exem-

346 1630 464 1722 plo
498 1629 606 1699 uti
641 1630 764 1700 vix
799 1654 1109 1722 possum,
1144 1654 1358 1725 quam
1397 1632 1856 1702 celeberrimo
1893 1629 2227 1725 Spenseri
2268 1631 2457 1702 Nos-

345 1743 442 1815 tri
495 1755 824 1836 poemate
883 1746 977 1816 ad
1029 1748 1216 1817 hanc
1267 1769 1595 1816 normam
1651 1746 1858 1816 unice
1909 1748 2256 1818 conficto:
2313 1746 2455 1829 cui,

346 1883 511 1932 cum
556 1861 740 1930 nihil
787 1860 935 1931 fere
979 1861 1167 1931 desit
1211 1860 1405 1953 quod
1451 1860 1723 1952 poesim
1769 1860 2026 1931 reddat
2057 1862 2457 1944 honestam,

345 1977 655 2058 dulcem,
692 1975 1165 2070 magnificam,
1201 1975 1453 2067 nequit
1490 1986 1733 2045 tamen
1769 1974 2032 2044 summi
2070 1984 2303 2066 poetae
2348 1976 2459 2047 in-

343 2092 641 2186 genium
676 2088 958 2161 lectoris
993 2089 1213 2160 taedio
1247 2113 1340 2161 ex
1377 2089 1488 2159 his
1523 2088 1812 2179 ineptiis
1848 2101 2019 2159 nato
2055 2090 2323 2190 mederi
2345 2087 2399 2160 b.

449 2210 741 2280 Interea
801 2207 1119 2299 mysticis
1178 2207 1375 2278 chori
1427 2206 1756 2277 cantibus
1807 2216 1884 2276 et
1918 2205 2294 2289 vaticiniis,
2336 2206 2461 2278 ubi

345 2337 562 2418 poeta
594 2325 773 2395 nihil
815 2323 1195 2394 manifesta
1236 2322 1314 2393 in
1359 2325 1519 2393 luce
1562 2320 1789 2414 ponit,
1826 2321 2139 2392 obscuris
2189 2322 2459 2395 scilicet

345 2464 517 2511 vera
557 2440 955 2525 involvens,
990 2439 1293 2510 feliciter
1337 2462 1527 2530 saepe
1573 2437 1953 2508 adhibetur
1998 2439 2133 2508 hoc
2184 2448 2458 2510 tortuo-

348 2577 505 2625 sum
567 2554 922 2626 scribendi
982 2577 1233 2650 genus.
1338 2553 1766 2645 Quicunque
1834 2563 2076 2625 autem
2137 2553 2459 2647 AEschyli

347 2670 735 2763 tragoediis,
770 2670 1323 2764 Agamemnone
1375 2677 1552 2761 puta
1604 2676 1732 2738 aut
1780 2667 2241 2760 Choephoris,
2278 2668 2458 2738 bene

349 2795 670 2854 versatus
719 2783 959 2866 fuerit,
1010 2781 1424 2877 hujusmodi
1474 2781 1806 2874 exempla
1858 2781 1985 2852 vix
2040 2778 2459 2878 requiret—

349 2921 608 2990 nempe
664 2898 738 2968 in
800 2899 1056 2992 quibus
1115 2899 1272 2968 dira
1331 2896 1559 2968 futuri
1617 2897 1951 2967 facinoris
2010 2895 2278 2988 species
2331 2917 2459 2985 per

348 3016 791 3106 metaphorae
857 3014 1306 3085 involucrum
1376 3036 1569 3108 aegre
1634 3011 1974 3083 cernitur.
2079 3008 2457 3079 Pulchrius

349 3153 519 3201 vero
569 3129 764 3200 haud
815 3128 1022 3199 facile
1067 3128 1242 3222 quid
1288 3126 1690 3220 protulerit,
1725 3147 1943 3219 quam
1976 3122 2456 3220 Allegoricam

349 3247 441 3317 de
479 3246 782 3317 Helenae
817 3255 1026 3337 raptu
1065 3243 1523 3315 cantilenam.

858 3379 1133 3465 Ἔθρεψεν
1162 3380 1216 3441 δὲ
1250 3379 1450 3441 λέοντα

782 3484 937 3544 Σίνιν
965 3483 1145 3560 δόμοις
1177 3480 1517 3564 &witham-ov

869 3584 1049 3656 [iffi-05
1077 3584 1137 3668 γ’
1169 3584 1297 3668 ἁνήρ
1329 3580 1701 3664 §misus-mnu,

869 3688 973 3748 Ἑν
1005 3688 1189 3764 βιέτῡυ
1217 3684 1553 3764 aph-rumim

433 3872 457 3896 ⁸
489 3862 617 3920 vid.
649 3864 745 3916 Du
785 3864 913 3928 Eua,
945 3856 1277 3916 Reflexiuns
1309 3860 1605 3936 Critiques,
1641 3860 1745 3916 vol.
1784 3860 1826 3916 1.
1858 3880 1906 3916 c.
1946 3880 2038 3932 ²4*

433 3960 461 3992 Ἡ
493 3956 621 4016 Vitl-
661 3956 909 4016 Praelfflt.
945 3956 1117 4016 XIII,
1149 3956 1529 4032 P-134÷135·

1305 4072 1349 4124 c
1389 4076 1425 4120 c
1465 4060 1509 4124 Ε
