3559 5575
411 127 640 191 Pur..
674 124 991 192 XXVII.
1124 127 1253 192 DE
1301 127 1931 194 AFFECTIBUS.
2396 131 2527 199 349

405 299 844 371 Dulcissima
893 300 1069 372 item
1122 312 1292 372 sunt
1342 301 1467 372 illa
1518 301 1758 372 Patris
1804 324 2006 372 suam
2065 301 2524 375 solitudinem

404 413 777 507 plorantis,
811 414 1090 486 duobus
1122 415 1285 486 filiis
1319 415 1596 486 amissis
1628 415 2046 488 infantibus.

585 545 714 608 Vos
737 542 1030 631 equidem
1064 544 1194 609 nati
1224 544 1499 610 ooelestia
1527 567 1725 632 regna
1752 545 2002 625 videtis,

671 647 848 724 Quos
874 645 1091 732 rapuit
1118 669 1349 733 parvos
1378 646 1772 735 praecipitata
1798 646 1950 712 dies.

585 745 714 811 Sed
741 745 899 810 mihi
928 770 1075 833 quae
1104 748 1353 833 requies
1379 771 1641 813 onerosa
1666 748 1733 812 in
1760 747 1902 813 luce
1927 749 2220 828 moranti,

673 849 801 913 Cui
830 849 944 913 soli
972 864 1257 936 superest
1285 864 1347 913 et
1378 851 1509 914 sine
1536 851 1662 914 fine
1690 850 1918 914 dolor?

589 952 799 1029 Quam
828 950 990 1014 male
1019 950 1100 1015 de
1130 951 1308 1016 vobis
1336 952 1583 1016 fallacia
1608 953 1847 1041 gaudia
1873 954 2026 1032 vidi,

675 1054 772 1117 Et
800 1051 1182 1141 decepturus
1210 1076 1311 1118 me
1331 1054 1657 1141 jugulavit
1684 1061 1897 1119 amor!

588 1153 937 1219 Reddebar
965 1155 1193 1220 teneris
1219 1155 1285 1219 in
1315 1155 1618 1238 vultibus,
1646 1157 1909 1245 ipsaque
1935 1180 2050 1244 per
2072 1181 2184 1222 vos

681 1258 1007 1344 Tempora
1031 1258 1360 1323 credebam
1390 1258 1568 1347 lapsa
1592 1260 1827 1325 redisse
1854 1261 2027 1325 mihi.

590 1359 807 1425 Sentio
834 1359 993 1446 quid
1021 1358 1207 1424 faciat
1238 1383 1380 1447 spes
1407 1360 1618 1426 irrita:
1667 1361 1937 1450 pessima
1965 1386 2097 1427 sors
2126 1375 2221 1428 est

674 1460 983 1550 Supplicii
1010 1460 1261 1540 afflicte,
1291 1484 1484 1549 quem
1515 1486 1631 1528 sua
1656 1463 1793 1528 fata
1819 1478 2133 1551 premunt.

1670 1567 1868 1629 Eme.
1903 1587 1991 1630 m·
2024 1567 2254 1631 Poma.
2286 1568 2434 1631 132.

415 1678 537 1750 Sic
585 1676 960 1749 materiam
1011 1677 1273 1749 doloris
1323 1677 1651 1772 quamvis
1701 1678 2040 1762 effoetam,
2090 1678 2259 1748 novi
2310 1677 2524 1749 modo

415 1792 706 1888 aliquod
736 1791 1042 1885 scriptor
1072 1815 1168 1863 ex
1201 1816 1332 1864 suo
1365 1801 1652 1884 pectore
1685 1802 2089 1884 expromat,
2124 1792 2368 1886 vigere
2402 1793 2526 1863 de-

417 1932 562 1980 nuo
595 1918 670 1980 et
693 1907 971 1979 renasci
1001 1907 1238 1978 faciet.
1311 1908 1507 1978 Hinc
1540 1907 1808 1978 etenim
1846 1908 2095 1979 matris
2127 1907 2319 1978 illius
2353 1930 2527 2000 que-

416 2025 583 2097 relis
618 2033 910 2118 propter
941 2023 1275 2094 amissam
1310 2023 1532 2093 filiam
1566 2046 1697 2094 sua
1730 2046 1875 2094 non
1910 2011 2112 2094 deest
2144 2023 2399 2118 gratia.

593 2157 770 2234 Quot
797 2153 1105 2240 lacrymas
1134 2151 1406 2217 moriens
1432 2151 1671 2238 liquisti
1699 2152 1833 2216 filia
1859 2152 2065 2229 matri,

685 2258 821 2321 Tot
850 2255 965 2320 tibi
994 2255 1149 2319 dent
1180 2255 1410 2342 Superi
1436 2255 1671 2341 gaudia
1699 2269 2028 2341 perpetuo.

597 2360 700 2423 Te
727 2370 952 2423 conata
979 2357 1180 2444 sequi,
1213 2371 1310 2420 ter
1337 2356 1594 2443 spiritus
1620 2356 1888 2421 baeserat
1914 2355 2008 2421 ori
2034 2381 2049 2419 :

682 2459 873 2539 Quod
902 2459 1099 2538 volui,
1130 2457 1306 2522 haud
1334 2457 1536 2545 potui,
1570 2473 1633 2522 te
1660 2472 1965 2544 pereunte
1994 2457 2174 2520 mori.
2238 2522 2244 2531 ,

596 2561 910 2641 Solamen,
939 2561 987 2626 si
1017 2561 1194 2647 quod
1224 2560 1465 2624 miserae
1494 2574 1609 2637 est,
1640 2558 1950 2623 insomnia
1976 2570 2314 2646 praestant;

681 2667 897 2744 Quum
930 2664 1170 2728 tristem
1201 2661 1266 2726 in
1297 2661 1528 2726 somnis
1556 2661 1722 2726 ludit
1749 2661 1961 2748 imago
1988 2660 2279 2724 animam.

1686 2766 1885 2829 Eric.
1919 2785 2008 2829 m·
2041 2764 2265 2828 Pom.
2288 2765 2438 2829 134.

425 2881 622 2951 Hinc
670 2880 794 2951 illa
843 2880 1146 2964 Liberti,
1196 2881 1271 2951 in
1323 2879 1600 2950 domini
1650 2879 1763 2951 sui
1816 2880 2160 2970 sepulcro,
2213 2889 2527 2950 mentem

422 3005 734 3089 tangunt
764 2996 1068 3067 lectoris.

600 3116 660 3180 Ο
692 3113 932 3177 utinam
964 3114 1111 3177 vivo
1139 3114 1481 3200 potuissem
1512 3115 1772 3201 praemia
1800 3137 2049 3179 morum

685 3216 1017 3281 Reddere:
1067 3238 1236 3280 nunc
1264 3215 1572 3303 lacrymas
1598 3216 1809 3304 accipe
1835 3240 1955 3304 pro
1983 3215 2256 3281 meritiS..

601 3321 770 3384 Nam
802 3341 1048 3406 semper
1076 3319 1278 3382 fateor
1306 3320 1503 3383 tacita
1532 3327 1591 3382 te
1618 3329 1821 3384 mente
1848 3318 2133 3407 probavi.

682 3423 949 3487 Detexit
969 3442 1193 3486 smus
1214 3419 1439 3485 ultima
1457 3418 1712 3485 flamma
1734 3444 1927 3485 meos.
1960 3423 2283 3486 mew.
2315 3422 2462 3485 312.

423 3543 611 3614 Sunt
635 3566 798 3637 quae
834 3541 1083 3614 mortis
1115 3566 1343 3637 genus
1378 3566 1520 3613 non
1555 3542 1845 3635 illepide
1877 3553 2196 3627 narrant,
2224 3552 2308 3614 ut
2335 3544 2530 3616 Mar-

425 3660 615 3732 tialis
663 3660 842 3730 illud
887 3659 978 3730 de
1024 3658 1330 3747 Canace,
1377 3659 1572 3752 quod
1620 3669 1864 3729 tamen
1919 3660 2241 3755 argutius
2291 3661 2531 3753 paullo

424 3776 600 3848 exit.

599 3896 902 3961 AEolidon
933 3897 1178 3962 Canace
1196 3897 1367 3985 jacet
1391 3896 1512 3962 hoc
1540 3895 1855 3961 tumulata
1884 3896 2171 3984 sepulcro

685 4000 927 4075 Ultima
952 3999 1054 4064 cui
1085 4022 1298 4087 parvae
1325 4000 1593 4087 septima
1619 3997 1796 4064 venit
1814 3999 2059 4087 hyems.

3304 1474 3318 1511 ν’
