3559 5575
685 799 1402 884 PRAELECTIO
1478 797 2076 882 VICESIMA.

332 1086 496 1151 Rem
524 1084 745 1149 Unam
783 1094 845 1150 et
890 1085 1250 1174 Simplioem
1288 1097 1608 1174 proponat
1648 1088 1967 1172 scriptam
2014 1105 2162 1171 quae
2204 1092 2277 1147 ut
2318 1103 2442 1146 σιε-

421 1197 588 1252 ceros
643 1190 924 1275 ffctm
978 1191 1077 1253 ita
1134 1184 1657 1255 Misericordiam
1714 1190 1932 1275 mag-io
1988 1195 2191 1251 movet
2252 1199 2443 1273 quam

420 1310 640 1354 rerum
667 1291 1026 1355 multitudo·

1112 1537 1673 1588 *-

339 1797 521 1892 AD
555 1795 944 1866 affectuum
979 1802 1219 1886 partes
1253 1815 1396 1864 non
1434 1792 1889 1864 mediocriter
1921 1803 2221 1886 spectat,
2254 1795 2445 1887 quod

339 1935 385 1982 a
417 1910 775 1982 nonnullis
819 1909 895 1979 in
943 1931 1224 1979 summa
1268 1907 1490 1980 totius
1536 1908 1768 1999 operis
1820 1908 2196 2003 dirigenda
2245 1910 2449 1980 adhi-

340 2027 574 2111 betur,
627 2035 711 2096 ut
761 2047 914 2097 rem
966 2023 1208 2095 Unam
1255 2032 1330 2093 et
1376 2022 1789 2114 Simplicem
1847 2023 2451 2118 aggrediamur-

342 2160 575 2232 neque
625 2141 812 2210 hanc
857 2160 1115 2233 vagam
1166 2135 1382 2206 nimis
1436 2146 1511 2206 et
1561 2137 2006 2221 dissolutam,
2056 2159 2290 2230 neque
2349 2138 2452 2208 ita

344 2254 670 2338 divisam,
707 2265 792 2325 ut
827 2278 991 2347 quae
1041 2276 1206 2345 pars
1249 2251 1701 2343 potissimum
1747 2251 2064 2322 emineat
2097 2252 2293 2323 cerni
2327 2253 2452 2323 vix

343 2370 585 2461 possit.
690 2369 1198 2451 Quamobrem,
1250 2366 1384 2437 etsi
1436 2366 1581 2436 late
1632 2376 1879 2457 pateat
1927 2367 2271 2458 praecepti
2323 2369 2455 2439 hu-

335 2487 538 2579 jusce
573 2484 680 2554 vis
729 2484 805 2554 in
862 2484 1193 2555 universa
1242 2492 1397 2553 arte
1449 2482 1906 2565 moderanda,
1952 2482 2213 2576 (neque
2258 2484 2451 2554 enim

343 2600 741 2692 perfectum
795 2599 873 2670 id
918 2621 1233 2692 unquam
1283 2607 1410 2668 aut
1432 2599 1841 2691 jucundum
1886 2598 2290 2670 censebitur
2335 2598 2451 2669 cui

347 2717 583 2786 nullus
630 2715 724 2785 sit
769 2714 1085 2808 partium
1135 2737 1539 2801 consensuS,
1572 2715 1770 2784 nulla
1815 2714 2000 2785 ratio
2034 2726 2162 2786 aut
2196 2715 2456 2812 callida

335 2833 684 2926 junctura
718 2855 863 2924 qua
894 2831 969 2900 in
1007 2853 1231 2900 unum
1268 2830 1455 2901 coire
1489 2839 1564 2900 et
1598 2830 1803 2922 quasi
1837 2832 2325 2924 coagmentari
2351 2831 2456 2900 vi-

349 2947 708 3040 deantur,)
744 2955 987 3017 tamen
1021 2944 1098 3014 id
1133 2968 1326 3015 nunc
1359 2954 1645 3015 tantum
1681 2944 1962 3015 intendi
1990 2945 2228 3028 velim,
2263 2945 2457 3037 quod

351 3061 742 3132 affectuum
776 3062 1075 3132 istorum
1110 3070 1371 3130 natura
1402 3060 1717 3151 postulat
1751 3082 1928 3151 quos
1973 3058 2141 3128 ficto
2187 3070 2262 3129 et
2298 3081 2459 3128 nar-

350 3186 512 3247 rato
545 3176 786 3248 dolore
819 3176 1019 3272 tangi
1054 3178 1404 3248 volumus
1507 3175 1671 3256 Qua
1710 3174 1788 3243 in
1830 3173 2228 3265 quaestione
2276 3184 2460 3245 trac-

353 3291 575 3362 tanda
610 3292 988 3363 veritatem
1021 3292 1389 3363 interdum
1435 3274 1665 3374 aliter,
1700 3289 1910 3360 aliter
1943 3287 2137 3383 vulgi
2190 3287 2460 3380 opinio-

351 3430 519 3478 nem
580 3407 752 3479 ferri
811 3408 1209 3488 constabit;
1290 3416 1366 3478 et
1425 3404 1885 3497 scriptoribus
1943 3427 2457 3498 nonnunquam

354 3524 664 3607 evenire,
698 3534 782 3595 ut
816 3547 960 3618 quo
1007 3521 1383 3595 flebiliores
1433 3520 1588 3592 fieri
1632 3520 1879 3604 velint,
1920 3544 2005 3592 eo
2052 3544 2173 3593 cor
2226 3522 2459 3592 minus

355 3650 714 3711 moveant.

456 3753 670 3825 Prius
697 3765 939 3826 autem
977 3777 1190 3848 quam
1227 3754 1304 3824 in
1341 3754 1526 3824 hanc
1557 3775 1708 3824 rem
1742 3752 2208 3846 inquiramuS,
2235 3776 2461 3845 pauca

357 3869 646 3960 praefari
712 3870 1070 3961 oportebit
1136 3870 1229 3942 de
1296 3869 1627 3941 universo
1694 3869 2083 3939 affectuum
2155 3890 2462 3961 genere;

357 4006 560 4076 quos,
595 3994 679 4055 ut
723 3985 1079 4056 diversam
1130 4008 1282 4078 prae
1333 4008 1407 4056 se
1456 3985 1692 4056 ferant
1736 3985 2070 4074 speciem,
2118 3982 2465 4051 similibus

359 4109 604 4171 tamen
640 4100 830 4173 inter
864 4125 940 4172 se
986 4112 1310 4174 constare
1354 4099 1725 4172 elementis
1760 4099 2068 4180 videtur,
2103 4108 2178 4168 et
2212 4096 2462 4169 iisdem

1361 4234 1396 4284 S
1434 4221 1479 4283 2
