3559 5575
487 146 553 211 230
828 140 950 205 PARS
974 138 1212 204 SECUNDA·
1292 139 1410 202 Pranss
1425 138 1545 204 xvn.

538 318 663 410 Atque
688 318 767 386 baec
791 314 851 386 ille
875 313 1022 408 quidem
1043 312 1188 383 causam
1209 334 1322 405 agens
1340 310 1379 381 in
1396 312 1545 395 &natta

487 444 527 509 et
543 434 581 504 in
599 432 692 502 veris
709 429 974 502 calamitatibus
990 436 1162 500 versatus.
1213 426 1291 498 Nos
1316 427 1544 519 prudentiam

488 550 640 623 eandem
658 547 742 617 licto
758 544 797 615 in
816 545 938 616 dolore
955 568 1027 616 non
1045 542 1294 615 servabimus?

541 662 778 737 Hincautem
797 660 961 731 adalind
981 670 1202 753 praeceptum
1224 657 1395 729 facillime
1417 659 1545 730 transi-

489 790 560 865 tur,
573 778 670 871 quod
686 777 885 849 oratoribus
903 774 1037 869 pariter
1053 775 1166 847 tradit
1178 774 1404 855 Aristoteles,
1416 799 1543 868 nempe

490 904 532 965 ut
548 918 605 968 res
622 892 745 963 nimiae
762 892 961 963 atrocitatis
977 891 1102 983 plenas
1124 889 1273 977 evitent,
1290 914 1373 984 quae
1393 898 1544 985 stupore

489 1010 609 1103 potius
621 1008 782 1080 afficiunt
793 1007 973 1079 auditores
986 1030 1094 1101 quam
1109 1002 1367 1076 misericordes
1376 1006 1543 1078 reddunt.

489 1126 690 1201 Dissimiles
711 1124 880 1196 nimimm
903 1146 978 1194 esse
1002 1123 1065 1193 hos
1089 1121 1201 1192 animi
1223 1133 1343 1194 motus
1367 1123 1458 1194 bene
1483 1124 1545 1194 ad·

490 1252 613 1314 monet
632 1241 879 1332 Philosophus
905 1249 943 1310 et
967 1262 1099 1333 genere
1123 1237 1202 1330 ipso
1229 1238 1284 1309 ita
1311 1237 1480 1320 diversos,
1502 1250 1544 1311 ut

490 1360 581 1430 alter
598 1358 744 1429 alterius
757 1357 828 1425 vim
848 1379 920 1425 non
938 1378 1018 1425 raro
1035 1354 1257 1449 restinguam
1275 1365 1312 1426 et
1324 1378 1407 1448 quae
1423 1355 1544 1425 fabula

489 1474 657 1545 inchoata
675 1472 780 1543 modo
797 1473 973 1561 lacrymas
991 1472 1085 1542 ciere
1104 1481 1234 1563 posset,
1252 1470 1378 1541 eadem
1403 1470 1543 1565 longius

488 1612 675 1683 progressa
692 1589 823 1659 durum
840 1586 1042 1659 auditorem
1058 1587 1200 1670 efficiat,
1214 1597 1252 1658 et
1265 1611 1287 1658 a
1303 1586 1543 1657 misericordia

490 1727 667 1776 aversum.
718 1704 825 1787 Quod
858 1702 1004 1797 quidem
1038 1713 1117 1773 tum
1151 1702 1377 1794 potissimum
1409 1702 1543 1786 fiet,si

490 1822 732 1913 spectaculum
762 1843 835 1890 non
866 1820 973 1890 modo
995 1828 1101 1890 atrox
1123 1819 1336 1910 proferatur,
1356 1840 1482 1889 verum
1505 1826 1542 1887 et

490 1936 626 2007 foedum
650 1936 795 2030 aliquod
817 1946 1024 2029 tetrumque
1046 1935 1085 2006 in
1109 1959 1146 2007 sc
1171 1936 1365 2007 contineat.
1415 1933 1542 2027 Cujus·

491 2054 588 2125 modi
605 2064 661 2126 est
674 2054 764 2124 illud
777 2053 896 2124 Italici
911 2052 949 2122 in
967 2051 1084 2145 praelii
1100 2051 1338 2144 descriptione
1354 2049 1439 2123 satis
1456 2051 1542 2121 alias

491 2170 661 2242 luctuosis
679 2170 784 2242 rebus
800 2168 988 2255 instructa,

1052 2330 1117 2393 Ore
1130 2344 1262 2393 cruento

578 2436 774 2520 Pugnatum,
789 2432 929 2519 ferrique
943 2430 1042 2497 vicem
1056 2431 1134 2497 dens
1149 2414 1287 2521 praebuit
1299 2430 1365 2496 irae.

491 2633 577 2703 Huc
594 2655 705 2725 usquc
723 2633 841 2703 forsan
860 2632 1004 2704 tolerari
1021 2644 1162 2725 posset;
1188 2633 1251 2705 sed
1266 2632 1414 2729 ingenii,
1431 2645 1474 2702 ut
1490 2631 1542 2701 vi-

491 2750 608 2833 detur,
625 2748 758 2820 flumen
785 2748 950 2821 cohibere
974 2751 1110 2834 nolens,
1133 2750 1254 2822 odiosa
1278 2750 1359 2821 baec
1383 2748 1542 2822 carmina

491 2866 687 2962 subjungit.

578 3051 602 3114 J
603 3072 654 3114 am
668 3048 779 3114 lacertc
794 3069 883 3113 nares
897 3045 1080 3134 foedatuque
1094 3046 1216 3110 luminu
1228 3068 1348 3125 morsu,

577 3153 601 3216 J
602 3175 652 3216 am
669 3164 817 3217 truncum
831 3149 930 3238 raptis
944 3163 1040 3237 caput
1054 3149 1197 3228 auribus,
1210 3148 1341 3237 ipsaque
1354 3149 1432 3214 diris

579 3255 682 3318 Frons
695 3254 827 3342 depasta
840 3252 942 3318 modis
950 3266 988 3317 et
1001 3251 1153 3340 sanguine
1167 3251 1310 3317 abundat
1323 3252 1445 3316 hiatus:

493 3459 529 3515 be
543 3454 664 3534 nothing
677 3473 758 3512 more
772 3455 841 3512 tban
856 3455 893 3512 be
907 3454 949 3513 is:
972 3456 1026 3513 bnt
1039 3455 1054 3512 1
1069 3455 1126 3512 find
1143 3455 1248 3533 myself
1260 3455 1364 3515 unable
1377 3469 1409 3514 to
1423 3475 1543 3532 manage

493 3553 516 3612 it
528 3551 598 3610 with
613 3552 765 3610 decorum:
788 3551 868 3610 these
883 3551 983 3610 details
997 3572 1045 3610 are
1058 3553 1093 3611 of
1108 3573 1126 3610 a
1143 3552 1252 3631 species
1265 3553 1300 3612 of
1314 3555 1414 3612 horror
1427 3574 1460 3612 so
1472 3573 1543 3611 nau·

493 3669 577 3710 seous
591 3647 647 3706 und
661 3646 837 3727 disgusting;
861 3649 927 3726 tbcy
940 3669 988 3709 are
1001 3669 1034 3708 so
1048 3649 1207 3730 degrading
1222 3664 1253 3709 to
1272 3651 1322 3709 tbe
1339 3651 1470 3710 sufferens
1487 3650 1543 3708 and

493 3760 524 3807 to
545 3745 594 3804 the
615 3745 745 3812 bearem
768 3747 836 3823 they
848 3765 897 3804 are
913 3766 945 3804 so
960 3745 1144 3826 bumiliating
1162 3760 1193 3805 to
1211 3749 1317 3807 burnan
1340 3734 1441 3807 nature
1460 3747 1544 3816 itself,

493 3849 565 3915 that,
579 3863 617 3903 on
633 3844 727 3902 better
740 3843 886 3922 thoughts,
902 3845 916 3902 1
931 3846 989 3903 find
1005 3846 1028 3903 it
1040 3864 1119 3902 more
1133 3844 1278 3904 advisablo
1293 3857 1325 3903 to
1341 3845 1467 3903 throwa
1486 3845 1543 3924 pall

492 3957 558 4006 over
566 3941 624 4003 this
634 3939 753 4001 bideous
763 3939 867 4016 object,
877 3944 934 4000 and
946 3955 976 4000 to
983 3942 1060 4002 leave
1071 3945 1094 4002 it
1103 3956 1133 4002 to
1143 3963 1213 4023 your
1222 3943 1337 4022 genem
1347 3942 1543 4023 conceptione

488 4063 518 4128 p.
536 4059 604 4123 293.
618 4042 681 4102 liro.

333 4995 1663 5330 Β
