3559 5575
363 166 590 233 Pan.
623 166 894 232 XXVI.
1015 167 1145 232 DE
1190 167 1820 233 AFFECTIBUS.
2342 165 2475 233 339

361 341 526 424 Qua
550 340 844 434 quidem
866 341 1135 414 virtute
1163 340 1490 412 Persium
1517 341 1740 412 ferme
1765 338 1817 409 J
1818 337 2106 409 uvenali
2124 345 2473 430 praestan-

360 455 616 527 tiorem
644 456 994 539 dixerim;
1029 457 1207 528 adeo
1240 466 1412 548 apta
1444 457 1868 548 plerumque
1902 462 1978 524 et
2001 452 2263 524 illustri
2297 452 2476 521 ima-

357 569 529 667 gine
577 573 770 665 quod
827 573 1215 665 praecipere
1266 573 1425 643 vult
1475 570 1957 652 commendat,
2009 565 2472 662 quantumvis

359 710 493 780 per
520 710 597 760 se
627 688 821 760 exile
853 710 940 759 ac
960 690 1298 784 jejunum
1332 686 1448 770 sit,
1485 695 1614 780 aut
1645 709 1783 757 usu
1818 686 2346 781 pervulgatum.

537 847 633 913 Ut
660 870 848 912 nemo
874 847 941 912 in
971 870 1102 912 sese
1130 859 1332 911 tentat
1361 845 1759 926 descendere,
1792 849 2016 912 nemo!

541 948 668 1014 Sed
695 948 1077 1036 praecedenti
1105 961 1425 1035 spectatur
1449 948 1722 1014 mantica
1750 965 1955 1036 tergo.

1886 1052 2094 1113 Pssns.
2127 1050 2249 1113 1v.
2281 1050 2385 1112 23.

538 1175 589 1239 J
589 1196 691 1239 am
721 1197 859 1239 cras
885 1173 1251 1240 hesternum
1279 1174 1815 1262 consumpsimus:
1863 1199 2005 1239 ecce
2032 1173 2206 1239 aliud
2238 1197 2374 1239 cras

538 1274 767 1361 Egerit
794 1274 912 1340 bos
939 1296 1157 1355 annos,
1190 1287 1255 1340 et
1285 1296 1530 1364 semper
1555 1274 1845 1363 paullum
1877 1275 1997 1341 erit
2025 1275 2213 1341 ultra.

539 1377 705 1442 Nam
738 1376 1028 1464 quamvis
1055 1399 1255 1466 prope
1285 1391 1368 1458 te,
1399 1378 1690 1466 quamvis
1717 1392 1967 1443 temone
1996 1380 2115 1444 sub
2144 1401 2296 1460 uno,

536 1480 902 1545 vertentem
931 1503 1085 1559 sese,
1116 1481 1354 1546 frustra
1381 1481 1695 1546 sectabere
1720 1480 2047 1560 canthum,

540 1585 710 1649 Cum
735 1596 878 1648 rota
902 1582 1208 1671 posterior
1235 1605 1475 1662 curras,
1505 1598 1572 1647 et
1596 1581 1664 1647 in
1693 1606 1814 1648 axe
1843 1581 2139 1649 secundo.

1926 1686 2136 1750 Pizus.
2169 1684 2249 1750 V.
2278 1683 2387 1754 68.

364 1834 564 1909 ,Tum
587 1834 756 1907 licet
775 1836 960 1909 salso
984 1847 1060 1906 et
1080 1833 1527 1907 amarulento
1553 1835 1791 1906 minus
1817 1835 2113 1908 flumine
2140 1835 2476 1907 decurrat

368 1950 680 2034 Persius,
699 1959 942 2022 tamen
970 1950 1229 2022 ardens
1252 1973 1480 2044 usque
1505 1951 1865 2044 proposito
1887 1949 2138 2037 instat,
2164 1962 2238 2023 et
2258 1950 2478 2025 comi-

365 2092 504 2140 nus
546 2089 704 2139 rem
746 2089 1028 2163 gerens,
1060 2065 1320 2138 vitium
1354 2065 1625 2158 pariter
1655 2076 1730 2138 et
1764 2065 2150 2138 stultitiam
2184 2077 2262 2138 et
2293 2067 2478 2142 desi÷

366 2182 563 2255 diam
596 2184 753 2253 loco
786 2181 1144 2255 deturbat.
1238 2181 1436 2264 Quid
1468 2182 1662 2253 enim
1696 2183 1810 2253 his
1844 2181 2184 2265 versibuS,
2218 2180 2476 2275 quibus

367 2298 767 2392 Epicureos
799 2296 1114 2392 stringit,
1147 2297 1438 2392 gravius
1485 2320 1803 2391 unquam
1854 2321 1952 2368 ex
2000 2295 2477 2370 sanctissimo—

366 2437 531 2499 rum,
566 2423 817 2483 vatum
867 2436 991 2484 ore
1040 2412 1335 2496 excidit,
1381 2435 1561 2507 quos
1606 2413 1965 2506 equidem,
2007 2422 2092 2485 ut
2125 2413 2259 2484 toti
2307 2411 2474 2483 huic

367 2533 460 2609 de
518 2529 912 2603 Sententiis
971 2529 1366 2624 disciplinae
1423 2552 1760 2603 coronam
1815 2529 2021 2625 quasi
2076 2529 2476 2622 imponant,

367 2647 779 2743 deligendos
813 2646 1014 2718 duxi.

453 2806 612 2871 Vive
639 2829 879 2870 memor
906 2805 1050 2870 leti:
1086 2806 1257 2892 fugit
1283 2805 1478 2874 bora:
1505 2805 1651 2883 hoc,
1672 2805 1850 2892 quod
1878 2805 2128 2893 loquor,
2150 2805 2302 2871 inde
2327 2820 2444 2885 est,

426 2910 562 2975 -En
591 2907 749 2995 quid
777 2908 959 2995 agis?
1004 2907 1243 2995 duplici
1270 2907 1337 2971 in
1366 2908 1688 2973 diversum
1717 2908 2018 2973 scindetis
2042 2906 2267 2972 hamo:

453 3009 817 3101 Hunccine,
847 3030 928 3072 an
956 3008 1128 3074 bunc
1156 3009 1434 3095 sequeris
1450 3014 1480 3073 Ρ
1524 3010 1752 3075 subeas
1777 3009 2058 3086 alternus
2084 3025 2331 3097 oportet

456 3110 747 3199 Ancipiti
773 3109 1076 3198 obsequio
1103 3110 1425 3175 dominos:
1469 3111 1752 3175 alternus
1778 3112 2045 3177 oberres.

458 3219 598 3281 Nec
625 3228 725 3294 tu,
755 3235 904 3279 cum
930 3212 1244 3277 obstiteris
1271 3211 1484 3293 semel,
1512 3212 1898 3300 instantique
1928 3212 2173 3301 negaris

459 3322 692 3385 Parere
720 3316 1006 3404 imperio,
1037 3317 1219 3402 Rupe
1223 3317 1381 3402 jam
1409 3316 1690 3396 vivanda,
1717 3315 1908 3379 dicas.

459 3422 627 3486 Nam
655 3434 719 3484 et
746 3416 984 3483 luctata
1012 3416 1182 3482 canis
1211 3416 1449 3482 nodum
1479 3416 1737 3504 arripit:
1784 3430 2060 3481 attamen
2088 3416 2178 3481 illi

461 3523 628 3585 Cum
657 3519 849 3609 fugit,
880 3544 919 3586 a
944 3519 1106 3585 collo
1136 3519 1409 3585 trahitur
1436 3542 1584 3608 pars
1610 3518 1802 3607 longa
1828 3533 2084 3585 catenae.

1883 3623 2092 3687 Pnas,
2127 3624 2206 3689 V.
2239 3624 2384 3689 153.
