3559 5575
484 205 717 269 Pam.
752 204 980 268 XXV.
1136 205 1266 270 DE
1311 204 1939 271 AFFECTIBUS.
2460 209 2601 273 325

656 376 779 439 Est
798 374 997 439 mihi:
1044 396 1236 462 quam
1263 375 1553 440 miseram
1586 374 1790 440 tenuit
1816 397 1943 440 non
1975 373 2099 439 Ilia
2125 373 2313 441 tellus

655 479 918 542 Mecum
945 477 1374 557 excedentem,
1405 501 1533 543 non
1564 477 1799 541 moenia
1823 478 1990 565 regis
2019 481 2296 543 Acestae.

655 582 844 644 Hanc
872 603 994 668 ego
1020 604 1193 646 nunc
1223 580 1506 669 ignaram
1535 580 1731 668 hujus
1759 580 2200 668 quodcunque
2228 580 2442 669 pericli
2470 596 2587 663 est,

654 685 865 770 Inque
894 683 1227 749 salutatam
1256 683 1512 771 linquo:
1560 706 1689 748 nox
1719 697 1784 748 et
1815 698 1926 749 tua
1955 685 2129 749 testis

651 787 956 866 Dextera,
985 788 1153 873 quod
1178 808 1479 874 nequeam
1506 787 1825 873 lacrymas
1842 787 2141 874 perferre
2157 789 2481 874 parent-is.

654 891 742 952 At
771 902 868 966 tu,
899 911 1034 969 oro,
1067 887 1265 953 solare
1294 888 1567 976 inopem,
1599 903 1663 952 et
1693 911 1985 953 succurre
2013 888 2264 954 relictae.

656 991 847 1054 Hanc
876 989 1006 1054 sine
1034 1013 1136 1055 me
1166 1014 1339 1078 spem
1369 991 1536 1056 ferre
1563 991 1688 1056 tui:
1732 993 2073 1056 audentior
2098 994 2199 1057 ibo

657 1093 743 1155 In
770 1114 956 1156 casus
984 1114 1219 1157 omnes.
2002 1093 2159 1158 AEN.
2194 1093 2320 1157 IX.
2348 1096 2499 1158 283.

481 1198 899 1282 Quinetiam
933 1196 1183 1292 Ajacis
1216 1197 1407 1269 illius
1441 1199 1815 1292 Sophoclei
1849 1199 2157 1270 ferreum
2194 1223 2316 1270 cor
2348 1199 2593 1274 mites-

479 1337 640 1384 cere
674 1312 965 1383 omnino
998 1315 1257 1405 placet,
1294 1338 1518 1407 quum
1550 1313 1817 1385 infanti
1849 1314 1996 1385 filio
2029 1325 2105 1386 et
2139 1314 2349 1386 uxori
2373 1317 2592 1386 verba

476 1429 652 1501 facit
702 1451 1074 1522 suprema:
1128 1439 1204 1499 et
1256 1429 1707 1500 Mezentium
1766 1430 2026 1521 ipsum,
2078 1431 2319 1501 Lauso
2367 1429 2592 1501 inter-

480 1554 746 1638 empto,
801 1545 893 1615 ad
954 1544 1321 1616 meliorem
1376 1545 1902 1636 quodammodo
1958 1544 2243 1639 frugem
2301 1544 2588 1617 reverti.

481 1661 936 1753 Quapropter
992 1661 1214 1731 etiam
1265 1657 1691 1752 Euripidem
1744 1685 1791 1731 a
1847 1659 2112 1731 criticis
2158 1660 2588 1753 quibusdam

480 1776 676 1869 carpi
708 1777 837 1847 vix
868 1776 1125 1870 patior,
1160 1775 1330 1869 quia
1364 1777 1630 1848 scilicet
1668 1776 2121 1872 Iphigeniam
2156 1800 2350 1848 nunc
2389 1775 2589 1847 timi-

481 1893 646 1964 dam
698 1903 774 1966 et
807 1893 1198 1985 supplicem
1232 1892 1443 1988 fingit
1476 1893 1569 1964 ad
1603 1893 1828 1985 patris
1863 1893 2079 1986 pedes
2113 1893 2586 1984 provolutam,

477 2032 673 2080 nunc
704 2010 965 2080 fortem
999 2019 1075 2080 et
1107 2008 1547 2101 impavidam
1589 2031 1870 2079 summa
1915 2007 2139 2079 animi
2187 2007 2591 2080 constantia

480 2135 554 2198 et
588 2125 899 2218 corporis
934 2124 1291 2220 dignitate
1323 2125 1476 2196 fato
1509 2125 1784 2195 cedere.
1885 2124 2119 2218 Atqui
2169 2123 2246 2193 id
2297 2122 2588 2194 consilio

478 2241 703 2336 egisse
755 2240 1157 2311 maximum
1207 2249 1493 2332 poetam
1547 2237 1882 2309 credibile
1928 2248 2059 2321 est,
2100 2260 2243 2330 quo
2289 2238 2587 2308 affectus

479 2355 926 2427 audientium
972 2354 1470 2429 vehementius
1518 2353 1837 2426 irritaret
1888 2364 2039 2424 tam
2091 2353 2437 2455 inusitata
2484 2376 2587 2436 re,

475 2494 708 2566 neque
754 2480 1023 2554 tamen,
1061 2492 1220 2542 meo
1270 2471 1561 2564 quidem
1602 2469 1902 2565 judicio,
1936 2492 2152 2561 supra
2191 2469 2406 2541 fidem
2454 2467 2588 2538 mi-

475 2587 702 2658 rabili.
806 2586 1126 2682 Egregia
1184 2596 1293 2658 est
1354 2587 1676 2658 omnium
1735 2585 2215 2679 pulchritudo,
2267 2607 2432 2679 quae
2491 2584 2586 2655 ad

477 2705 819 2786 Matrem,
876 2705 973 2774 ad
1030 2704 1414 2786 Achillem,
1474 2703 1568 2773 ad
1628 2702 1924 2775 Patrem
1983 2702 2293 2797 denique
2346 2701 2582 2795 ipsum

473 2820 676 2915 virgo
719 2820 1067 2891 moritura
1110 2821 1450 2913 loquitur,
1485 2843 1581 2890 ex
1624 2843 1768 2912 quo
1812 2821 2096 2890 firmato
2137 2820 2293 2913 jam
2341 2818 2583 2888 animo

473 2935 642 3006 fatis
709 2935 1005 3027 obsequi
1071 2936 1407 3006 decrevit.
1511 2935 1664 3005 Nos
1731 2958 1827 3005 ex
1885 2934 2131 3025 paucis
2186 2933 2397 3004 modo
2456 2956 2583 3003 ex-

475 3051 793 3142 emplum
828 3072 1213 3120 sumamus.

650 3174 955 3236 Κατθανεῖν
982 3170 1085 3252 μέν
1112 3198 1207 3252 μοι
1237 3170 1506 3234 δέδοκται·
1535 3176 1697 3234 τοῦτο
1725 3169 1769 3230 δ’
1802 3170 1937 3232 αὐτὸ
1967 3166 2247 3248 βούλομαι

646 3279 916 3348 Edu-Meis
943 3277 1178 3357 πρᾶξαι,
1211 3277 1454 3359 παρεῖσα
1481 3275 1543 3357 γ’
1572 3268 1811 3335 ἐκποδῶν
1837 3273 1903 3334 τὸ
1934 3269 2213 3352 δυσμενές.

645 3479 768 3542 Καὶ
796 3484 918 3568 γᾶς
947 3478 1067 3543 οὐδέ
1092 3504 1178 3542 τοι
1211 3478 1341 3542 λίαν
1369 3478 1429 3564 γ’
1460 3479 1578 3561 ἐμοὶ
1609 3478 1950 3561 φιλοψυχεῖν
1968 3469 2180 3562 χρεὼν,

643 3586 808 3644 nam
837 3583 958 3671 γάρ
986 3584 1046 3663 μ’
1064 3580 1320 3659 Ἕλλησι
1351 3580 1521 3642 κοινὸν
1552 3578 1754 3656 ἔτεκες,
1787 3579 1917 3665 οὐχὶ
1951 3578 2040 3641 σοὶ
2068 3576 2229 3663 μόνῃ.

646 3684 840 3746 Ἀλλὰ
866 3683 1048 3770 μυρίοι
1074 3684 1178 3765 μὲν
1207 3681 1389 3769 ἄνδρες
1420 3680 1653 3745 ἀσπίσιν
1682 3678 2087 3765 πεφραγμένοι,

645 3784 851 3870 Μυρίοι
880 3786 923 3847 δ’
953 3784 1134 3869 ἐρέτμ’
1166 3784 1409 3870 ἔχοντες,
1438 3781 1694 3867 πατρίδος
1724 3780 2059 3863 ἠδικημένης,

645 3891 801 3979 Δρᾷν
827 3914 884 3951 τι
913 3887 1287 3969 τολμῆσουσιν
1316 3885 1542 3973 ἅχθροῦς
1569 3910 1653 3963 τε,
1681 3886 1751 3971 χ’
1783 3885 1914 3968 tin-ip
1943 3882 2226 3955 Ἑλλάδος
2254 3883 2441 3944 θανεῖν.

638 3990 723 4052 ‘H
753 3990 797 4051 δ’
829 3992 931 4071 ἐμῆ
961 3991 1152 4077 ψυχὴ,
1179 3990 1268 4071 μί’
1300 3988 1464 4066 οὖσα,
1492 3987 1681 4051 πάντα
1712 3986 1956 4051 κωλέα-ει
1986 3986 2152 4058 τάδες

1920 4089 2068 4153 Im.
2100 4088 2270 4152 Am..
2298 4089 2485 4157 1375.

1442 4200 1580 4264 Y3
