3559 5575
483 74 548 143 sos
676 48 680 57 '
824 71 945 135 rans
968 70 1193 135 secuunn
1296 70 1415 135 rm.
1432 72 1549 137 xxr.

482 259 518 321 et
542 246 692 319 florente
716 243 911 336 republica,
933 253 997 314 aut
1022 242 1185 315 civilibus
1213 242 1337 314 officiis
1366 246 1550 336 praeclare

481 363 586 457 fungi
602 371 665 433 aut
682 360 891 431 suavissimo
908 360 995 429 vitae
1011 358 1225 431 commercio
1241 358 1315 428 frui
1331 382 1447 450 posse.

530 479 655 571 Atque
678 478 745 547 boc
769 476 915 569 quidem
939 474 1061 545 Poesis
1086 498 1169 546 cum
1193 473 1334 545 caeteris
1359 476 1548 569 plerisque

482 593 617 664 artibus
659 612 741 683 quae
783 590 952 685 ingeuuae
985 600 1161 661 vocantur
1193 612 1384 660 commune
1418 593 1545 663 babet
1649 647 1651 736 p

481 709 588 791 Quod
605 706 747 778 veroin
771 707 839 775 bac
861 704 1022 776 instituti
1044 703 1160 795 operia
1182 705 1298 775 nostri
1319 716 1424 796 parte
1445 718 1545 777 trac-

481 824 632 895 tandum
644 832 816 914 superest,
827 819 1055 911 praestantius
1069 819 1251 911 quoddam
1264 829 1319 888 est
1331 820 1543 891 habendum

482 962 524 1009 ac
549 941 655 1031 plane
680 960 796 1008 suum.
847 935 931 1005 Non
954 934 1051 1005 enim
1068 934 1286 1005 ea'Picturoe
1303 944 1368 1004 aut
1385 935 1544 1007 Musica

484 1066 540 1127 est
557 1056 649 1148 ratio
671 1063 713 1126 ut
732 1062 889 1124 mentem
912 1050 1101 1143 praeceptis
1125 1050 1257 1121 diserte
1277 1050 1459 1133 imbuant,
1475 1066 1543 1123 aut

482 1170 570 1242 vitae
583 1168 679 1240 viam
696 1175 907 1239 monstrent.
939 1166 1032 1247 Quae
1049 1174 1171 1236 tamen
1189 1189 1246 1236 res
1257 1166 1347 1236 adeo
1359 1166 1397 1235 in
1413 1167 1543 1237 Poetae

483 1307 614 1355 munus
632 1284 822 1355 convenire
839 1282 926 1351 visae
944 1290 1040 1363 sunt,
1057 1290 1189 1351 utnon
1207 1280 1307 1375 vulgi
1329 1282 1437 1351 modo
1464 1282 1543 1373 opi·

482 1399 589 1470 nione
606 1398 669 1469 sed
685 1396 835 1468 maximi
851 1394 1033 1487 scriptoris
1051 1395 1190 1490 judicio
1212 1396 1374 1467 homines
1391 1397 1450 1467 his
1468 1397 1543 1489 pri·

483 1512 550 1581 mis
575 1511 629 1581 usi
656 1511 729 1583 sint
746 1511 832 1581 vitae
856 1508 1047 1605 magistris,
1070 1520 1108 1582 et
1129 1511 1250 1606 legum
1276 1511 1541 1606 civitatumque

483 1624 735 1697 conditoribus.

742 1764 820 1829 Fuit
834 1764 902 1830 haec
917 1765 1069 1853 sapientia
1082 1766 1244 1854 quomdam

570 1866 704 1932 Publica
716 1866 848 1953 privatis
862 1890 1032 1946 secernere,
1048 1892 1136 1934 sacra
1148 1870 1308 1958 profanis;

570 1970 751 2037 Concubitu
765 1969 934 2057 probibere
947 1994 1041 2057 vago,
1055 1972 1132 2037 dure
1141 1974 1219 2061 jura
1231 1974 1369 2049 maritis3

570 2073 700 2162 Oppida
712 2072 826 2153 moliri,
839 2071 926 2159 leges
938 2072 1075 2139 incidere
1088 2073 1185 2161 ligno.

571 2176 623 2241 Sic
637 2176 738 2241 bonor
752 2189 785 2240 et
799 2198 914 2240 nornen
927 2174 1042 2240 divinis
1055 2176 1181 2242 vatibus
1194 2192 1291 2265 atque

570 2277 771 2342 Carminibus
786 2276 879 2341 venit.
1183 2282 1277 2343 Aur.
1294 2280 1399 2344 Pour.
1415 2279 1495 2350 396.

483 2428 590 2512 Quod
615 2429 760 2522 quidem
787 2452 859 2499 non
886 2428 994 2500 modo
1017 2427 1055 2499 in
1074 2429 1261 2502 literarum
1281 2454 1325 2502 ac
1348 2431 1539 2503 civitamm

482 2543 685 2637 primordiis
701 2553 818 2636 poetae
835 2566 967 2617 munus
983 2546 1147 2617 habitum
1164 2557 1239 2629 est;
1264 2570 1390 2619 verum
1407 2558 1447 2619 et
1460 2572 1540 2640 pro-

483 2658 639 2732 vectiore
672 2658 822 2731 humani
854 2659 996 2754 generis
1030 2671 1152 2744 aetate,
1180 2684 1294 2755 quum
1325 2664 1541 2757 gravissima

483 2776 650 2870 quaedam
669 2774 819 2848 Hesiodi
834 2775 996 2849 carmina
1011 2777 1168 2850 Athenis
1184 2780 1417 2871 pronuntiare
1430 2782 1539 2852 vellet

482 2893 849 2977 AEschineaitaeum
866 2892 997 2964 dehac
1017 2916 1057 2964 re
1078 2896 1241 2966 locutum
1262 2895 1390 2966 fertur.
1442 2895 1538 2989 Λέγει

482 3011 542 3106 γάρ
566 3040 624 3082 πον
646 3003 679 3109 [ὅ
703 3003 845 3107 ποιητὴς]
872 3006 1017 3079 παιδεύων
1040 3008 1083 3080 τὸ
1105 3010 1218 3096 πλήθη,
1242 3005 1296 3080 rai
1321 3010 1538 3104 συμβουλεύω

482 3134 551 3205 ταῖς
571 3122 694 3208 πόλεσι,
711 3122 781 3204 τοὺς
795 3121 935 3222 πονηροὺς
951 3131 1008 3194 τῶν
1029 3122 1215 3219 inmerito
1234 3124 1281 3217 μὴ
1300 3125 1536 3221 προσδέχεσθαι.

481 3237 567 3321 Adia
584 3238 617 3309 δὲ
632 3237 717 3332 κᾴγῶ
733 3238 774 3310 τὰ
791 3237 859 3325 ἔπη·
877 3237 929 3310 bb
944 3245 1032 3309 reiro
1044 3236 1105 3334 γὰρ
1121 3233 1206 3331 οἶμαι
1223 3241 1436 3333 §pictoribus
1451 3237 1538 3319 inor

482 3349 540 3430 rire
563 3357 620 3422 τᾶν
640 3363 767 3439 ποιητῶν
786 3350 910 3446 γήμας
931 3351 1133 3444 ἐκμανθάνειν,
1150 3348 1184 3426 ἶν’
1200 3353 1304 3452 «bipes
1326 3353 1408 3436 ὄντες
1427 3355 1538 3434 αὐταῖς

480 3463 631 3562 χρόμιθα.
683 3463 823 3537 AErelt.
841 3474 936 3538 cont.
956 3464 1056 3540 Cleo.
1072 3466 1140 3563 117¹.

531 3580 774 3662 Quamobrem
790 3581 1070 3675 haudquaquam
1087 3584 1199 3656 miror
1210 3584 1415 3678 opinionem
1428 3586 1536 3657 istam

475 3697 555 3790 jam
572 3695 656 3767 olim
674 3696 880 3784 obtinuisse,
897 3697 1084 3770 doctorum
1107 3700 1217 3772 etiam
1239 3700 1362 3794 aliqua
1381 3701 1537 3773 auctori·

433 3873 436 3880 .
481 3821 559 3884 tote
568 3811 757 3895 munitam,
768 3811 876 3884 finem
889 3836 1020 3906 nempe
1032 3823 1109 3887 esse
1120 3815 1270 3908 poetica
1279 3817 1350 3887 arti
1362 3814 1538 3911 utprorit

481 3923 698 4000 amiatae.
731 3927 839 4010 Quod
852 3937 975 4002 tamen
993 3929 1081 4002 olim
1096 3930 1200 4002 nobie
1212 3929 1329 4002 visum
1345 3941 1402 4002 est
1415 3931 1536 4022 perillo

274 4971 1651 5516 '3
