3559 5575
519 431 810 498 PRAELECTIO
834 432 1004 498 PRIMA.
1243 435 1288 498 11·

230 603 428 697 speciosum
445 604 531 678 insit
548 629 591 678 ac
607 606 738 678 decens
753 605 792 676 in
813 607 931 678 lucem
955 603 1189 698 proferendo;
1214 629 1289 701 quo

230 721 378 794 tandem
390 721 443 804 fit,
453 730 496 794 ut
506 721 639 794 veritas
651 721 729 814 ipsa
738 721 874 794 eniteat
884 745 979 795 novo
989 732 1119 795 ornatu
1130 734 1289 818 compto,

229 848 339 931 atque
355 847 442 912 ante
462 839 583 911 oculos
607 847 775 910 nascatur
796 861 869 910 non
891 838 1002 910 tritus
1025 839 1088 910 ille
1111 849 1225 934 atque
1246 839 1287 912 in

229 955 411 1027 communi
428 955 515 1028 vitae
540 955 798 1028 consuetudine
824 956 1062 1044 devorandus,
1083 958 1147 1028 sed
1172 959 1291 1052 major

229 1072 480 1166 pulchriorque
505 1094 627 1144 rerum
652 1072 752 1156 ordo,
777 1081 815 1145 et
840 1095 950 1144 aurea
978 1072 1146 1166 quaednm
1176 1073 1289 1146 seculi

228 1187 395 1261 felicioris
412 1189 562 1262 somnio.

281 1303 389 1376 Hunc
405 1304 481 1374 vim
505 1304 536 1375 si
561 1303 641 1398 quis
664 1303 765 1374 brevi
785 1302 858 1386 illa,
874 1327 985 1398 quam
1006 1304 1145 1387 dicunt,
1161 1303 1289 1376 defini-

228 1418 327 1491 tione
340 1419 492 1512 exprimi
507 1441 609 1512 posse
622 1418 821 1502 existimat,
830 1419 864 1488 is
878 1419 1065 1491 enimvero
1076 1419 1289 1492 Dialecticae

227 1534 387 1608 artificiis
403 1535 485 1627 plus
500 1557 607 1627 aequo
622 1533 780 1606 tribuere
797 1534 962 1616 videtum
978 1543 1028 1618 et,
1041 1557 1124 1606 mee
1138 1533 1288 1628 quidem

228 1650 419 1738 sententia,
437 1660 615 1744 quantum
632 1650 718 1724 huic
734 1649 805 1722 arti
822 1651 964 1736 tribuit,
980 1659 1125 1723 tuntum
1142 1651 1289 1723 demere

229 1767 275 1838 de
293 1766 451 1840 poetica„

280 1881 331 1954 Ut
347 1882 460 1978 igitur
477 1884 556 1954 haec
571 1883 652 1977 jam
668 1881 777 1954 missa
792 1880 938 1964 faciem,
952 1903 1068 1974 pauco
1091 1889 1216 1953 temen
1240 1880 1288 1952 de

230 1994 384 2070 Poeticae
402 1997 494 2070 Fine
510 2009 620 2090 atque
637 1996 807 2070 Utilitate
824 1996 979 2070 dicenda
993 1995 1107 2078 duxi;
1123 2019 1195 2068 non
1213 2017 1290 2089 quo

229 2137 272 2186 ea
288 2123 462 2207 tanquam
480 2115 655 2186 hactenus
671 2113 796 2210 ignota
810 2114 909 2185 vobis
925 2113 1004 2205 ipse
1019 2135 1211 2204 exponam,
1223 2111 1289 2184 sed

228 2229 313 2322 quia
337 2228 501 2302 nonnihit
523 2229 562 2301 in
584 2231 652 2302 boc
672 2253 712 2302 re
729 2253 751 2302 a
768 2229 983 2301 doctissimis
1000 2229 1098 2311 viris,
1115 2240 1225 2322 atque
1241 2229 1291 2300 ab

228 2344 309 2438 ipso
325 2345 517 2418 Hebraioae
532 2367 678 2437 poeseos
697 2345 896 2436 interprete
917 2355 1078 2416 erratum
1099 2343 1210 2415 fuisse
1231 2367 1290 2415 ar·

230 2461 354 2531 bitror.
405 2461 503 2530 Nam
529 2460 627 2551 quod
649 2481 728 2530 eam
753 2459 979 2551 aliquantum
1000 2457 1206 2550 opinionem
1220 2460 1290 2530 in·

229 2575 370 2668 probat,
390 2597 476 2669 quae
499 2573 646 2646 unicum
674 2573 797 2646 Poetis
820 2572 989 2666 proponit
1013 2573 1134 2657 tinem,
1160 2584 1202 2646 nt
1226 2575 1290 2646 de-

229 2694 374 2774 Iectent,
391 2689 591 2784 statuitque
609 2690 707 2762 idem
729 2690 897 2784 prodesse
913 2689 1029 2785 magis
1045 2713 1156 2784 quam
1172 2691 1289 2764 delec-

229 2820 306 2881 tare
323 2830 449 2881 verum
467 2807 624 2880 Poeticoe
643 2808 752 2880 finem
778 2830 855 2881 esse
874 2807 1127 2903 judicandum,
1143 2808 1288 2882 videtur

229 2949 326 3008 sone,
343 2926 448 2997 bomo
473 2924 635 2997 omnium
658 2924 754 3019 aequi
777 2923 991 3017 honestique
1006 2926 1289 3014 amantissimus,

229 3056 348 3115 motus
370 3039 470 3114 verbi
496 3040 711 3113 auctoritate
737 3064 813 3113 rem
838 3040 955 3134 ipsam
979 3040 1120 3114 interea
1142 3043 1190 3114 de
1214 3065 1288 3136 qno

229 3158 414 3253 agebatur,
432 3157 551 3229 minus
568 3156 642 3228 acri
655 3157 795 3251 judicio
810 3156 1052 3249 perpendisse.

279 3273 387 3356 Quod
403 3271 435 3343 si
451 3281 684 3364 quaereretur,
702 3272 795 3343 sitne
818 3274 899 3343 baec
922 3295 980 3343 ars
1006 3270 1105 3343 utilis
1129 3294 1177 3342 au
1201 3294 1288 3354 non,

228 3390 389 3481 profecto
406 3387 504 3459 baud
522 3386 646 3457 multis
663 3387 757 3457 foret
772 3386 1072 3479 respondendmn.
1105 3384 1290 3467 eronim

230 3506 328 3577 sires
339 3503 444 3577 aliter
457 3527 494 3575 se
506 3502 700 3585 habuisset,
713 3526 830 3596 neque
841 3500 1079 3595 Poeticaipsa
1090 3500 1172 3574 Viri
1185 3499 1290 3572 Illius

230 3618 488 3693 Ornatissimi⁸
505 3616 678 3691 beneficio
694 3617 750 3689 bis
766 3640 928 3712 unquam
949 3616 988 3689 in
1011 3616 1201 3691 domiciliis
1224 3619 1290 3690 obs

230 3737 397 3810 tinuisset
413 3736 546 3819 sedem,
564 3758 680 3829 neque
699 3758 761 3807 vos
779 3734 894 3829 (quod
916 3734 1063 3829 quidem
1087 3735 1206 3807 fecitis
1231 3745 1290 3807 at-

230 3876 301 3946 que
318 3852 457 3945 optimo
471 3850 622 3923 coneilio·
634 3874 774 3944 semper
791 3849 940 3945 fecistis)
956 3874 1039 3924 earn
1050 3852 1151 3923 omni
1165 3850 1288 3923 studio

231 3969 269 4043 in
287 3968 569 4042 adolescentibus
586 3967 752 4041 alendam
770 3977 882 4062 atque
896 3966 1126 4040 excitandam
1139 3968 1290 4041 dooere-

275 4240 288 4268 ·
309 4232 445 4291 Instituta
465 4245 510 4291 est
530 4231 633 4292 Lectio
657 4231 774 4293 Poetica
794 4232 831 4292 ab
853 4231 982 4292 Henrioo
1003 4230 1151 4291 Birkbeod
1168 4230 1231 4289 tn.
1243 4230 1285 4296 D.

233 4328 307 4391 Coit
323 4331 411 4389 Omn.
427 4329 522 4391 Anim.
537 4330 608 4390 oiim
623 4329 716 4391 Sooio.
785 4324 788 4331 '
