3559 5575
432 100 661 164 Pam„
695 96 1078 161 XXXIII.
1170 96 1299 159 DE
1348 97 1941 163 PHANTASIA.
2417 101 2532 167 461

607 266 921 355 Pauperis
948 263 1271 331 Evandri:
1317 265 1676 354 passimque
1704 281 1990 332 armenta
2016 266 2314 333 videbant

608 371 1032 455 Romanoque
1061 368 1223 446 foro,
1254 384 1318 432 et
1343 367 1533 432 lautis
1562 368 1810 454 mugire
1841 369 2109 434 Carinis.

1880 470 2042 536 AEN.
2075 472 2277 536 VIII.
2307 474 2455 537 355.

539 731 683 802 Sed
728 730 818 801 de
866 729 979 800 his
1030 752 1195 822 quae
1243 729 1336 800 ad
1375 738 1800 800 'anteactum
1855 729 2196 823 temporis
2256 755 2544 804 cursum

439 831 789 939 spectant,
849 847 1004 940 jam
1066 845 1238 916 satis
1297 847 1595 916 fortasse
1661 870 2013 940 superque
2080 858 2189 919 est
2248 848 2544 920 dictum.

438 961 702 1032 Restat
735 985 927 1055 ergo,
961 970 1047 1032 ut
1078 984 1230 1032 rem
1267 959 1558 1033 nomine
1589 961 1944 1033 diversam
1990 973 2208 1056 atque
2253 964 2545 1035 omnino

438 1076 895 1158 contrariam,
922 1086 1185 1146 natura
1208 1099 1377 1146 vero
1410 1089 1485 1146 et
1511 1076 1583 1145 vi
1615 1077 1895 1167 poetica
1929 1101 2070 1149 non
2108 1078 2545 1163 dissimilem,

437 1191 686 1284 paucis
709 1192 865 1285 jam
901 1191 1301 1286 aggrediar.

543 1307 737 1377 Nam
784 1307 970 1379 sicut
1011 1307 1106 1377 ad
1154 1304 1469 1402 antiqua
1520 1307 1853 1378 advolare
1899 1318 2095 1379 amat
2130 1330 2353 1392 menS,
2386 1319 2467 1381 ut
2503 1333 2548 1381 a

439 1422 812 1515 proesentis
846 1423 1038 1493 horae
1072 1423 1420 1517 angustiis
1455 1423 1816 1515 paulisper
1855 1447 1930 1494 se
1975 1424 2249 1507 liberet,
2283 1434 2549 1496 tentet·

441 1562 584 1631 que
617 1538 847 1630 spatia
873 1538 1206 1631 quaedam
1233 1538 1594 1622 ulteriora,
1619 1541 1725 1610 ita
1750 1549 1826 1610 et
1850 1539 2247 1631 prospicere
2253 1539 2548 1634 fictura

439 1657 647 1737 solet,
680 1665 755 1725 et
784 1655 956 1748 quid
985 1654 1335 1725 venientis
1370 1656 1508 1725 aevi
1541 1655 1834 1725 fortuna
1864 1655 2050 1725 ferat
2075 1679 2265 1726 caeca
2298 1679 2551 1750 quam-

443 1770 554 1840 vis
603 1772 1014 1863 conjectura
1063 1769 1440 1864 attingere.
1543 1770 2026 1851 Quamobrem
2070 1771 2423 1842 vaticiniis
2473 1782 2549 1843 et

442 1887 630 1956 clam
664 1895 740 1956 et
773 1895 1017 1977 aperte
1051 1883 1161 1956 uti
1194 1884 1423 1976 poetis
1457 1906 1737 1975 semper
1768 1884 2015 1965 licuit;
2049 1885 2197 1957 sive
2230 1896 2315 1955 ut
2348 1888 2550 1977 paul-

443 2001 649 2073 latim
684 2001 789 2072 rei
822 2001 1061 2072 exitus
1094 2000 1481 2096 significari
1513 2000 1755 2092 possit,
1791 2001 1941 2071 sive
1975 2002 2169 2094 quod
2199 2026 2311 2074 res
2346 2003 2548 2074 nobis

435 2116 871 2211 jampridem
904 2127 1110 2188 notas
1144 2127 1219 2187 et
1250 2115 1531 2208 scriptis
1567 2115 1893 2200 traditaS,
1929 2140 2023 2188 ex
2056 2140 2178 2187 ore
2224 2117 2549 2213 alicujus,

444 2244 795 2325 tanquam
827 2235 1054 2304 multo
1087 2243 1257 2304 ante
1291 2256 1507 2325 quam
1551 2243 1733 2303 actae
1778 2233 2049 2304 fuerint
2082 2233 2437 2328 cogitatas·
2475 2245 2550 2309 et

446 2348 793 2419 divinitus
827 2349 1243 2440 patefactas,
1276 2348 1577 2441 proferri
1613 2349 1859 2419 velint.

549 2463 798 2535 Priore
830 2465 904 2535 in
940 2488 1202 2560 genere
1236 2473 1406 2535 sunt
1430 2463 1695 2534 chorici
1729 2465 2001 2557 aliquot
2027 2464 2548 2560 Tragoedorum

445 2591 725 2665 cantus,
760 2580 886 2673 qui
930 2580 1133 2675 signa
1173 2602 1689 2674 nonnunquam
1726 2581 2153 2651 subobscura
2189 2582 2415 2653 edunt
2448 2582 2554 2652 sa-

446 2696 706 2768 cinoris
746 2697 1049 2791 jamjam
1102 2695 1450 2767 eventuri.
1553 2696 1815 2778 Qualia
1865 2695 1938 2766 in
1991 2697 2313 2789 AEschyli
2353 2696 2554 2792 Aga-

447 2837 829 2886 memnone
862 2814 1340 2907 pulcherrima
1374 2813 1706 2906 quaedam
1742 2814 2197 2896 adhibentur,
2232 2824 2307 2885 et
2341 2813 2552 2885 affec-

445 2943 569 3003 tus
602 2932 851 3002 eadem
888 2930 1317 3023 plenissima.
1423 2928 1679 3021 Neque
1715 2930 1827 3000 his
1870 2930 2236 3002 interdum
2281 2930 2552 3002 artibus

448 3072 592 3119 non
630 3047 863 3118 utitur
896 3045 1286 3140 Epopoeia;
1339 3046 1942 3137 quemadmodum
1993 3046 2070 3116 in
2122 3046 2357 3118 medio
2402 3070 2554 3118 cer-

447 3163 724 3235 tamine
758 3163 956 3232 filum
994 3162 1229 3233 subito
1264 3160 1628 3253 abrumpit
1663 3160 2052 3255 Virgilius:

541 3357 769 3419 Turno
798 3367 1049 3440 tempus
1076 3353 1215 3432 erit,
1246 3374 1478 3439 magno
1506 3374 1652 3417 cum
1681 3351 1993 3439 optaverit
2021 3367 2303 3439 emptum

542 3458 863 3522 Intactum
896 3455 1206 3534 Pallanta,
1240 3469 1302 3518 et
1332 3476 1476 3517 cum
1509 3452 1707 3539 spolia
1733 3452 1853 3517 ista
1881 3453 2176 3539 diemque

543 3558 782 3625 Oderit.
1998 3555 2154 3619 ΖΕΝ.
2191 3557 2284 3622 X.
2314 3560 2466 3622 503.

554 3738 934 3835 Ejusmodi
980 3761 1263 3831 quoque
1310 3746 1478 3807 sunt
1517 3734 1936 3831 gravissima
1986 3735 2108 3804 illa
2158 3735 2248 3806 de
2296 3735 2554 3829 pugnis
2639 3830 2642 3833 q

454 3857 551 3928 ad
582 3856 951 3949 Philippos
985 3865 1060 3925 et
1096 3854 1518 3924 Pharsalum
1555 3851 1968 3936 commissiS,
2003 3873 2165 3945 quae
2212 3871 2558 3921 memora-

454 3971 581 4044 bili
615 3973 1050 4044 clauduntur
1083 3970 1316 4049 dicto;
