3559 5575
547 469 840 540 munuum
865 470 1100 540 SECUNDA
1310 476 1353 547 ltt

293 656 407 740 etque
429 647 609 742 integrum
635 645 723 720 ortis
748 648 903 744 effigiem
927 657 1144 742 proponunt.
1196 649 1248 720 lli
1265 671 1354 744 quo·

293 761 393 834 niem
409 765 490 857 plus
507 764 659 838 fortusse
675 784 785 858 quom
802 763 956 858 populun
968 776 1123 837 cernunt
1136 764 1214 858 (qui
1227 787 1353 839 nume-

292 903 417 954 rorum
439 884 628 956 dulcedine
651 885 813 955 maxime
835 904 883 955 ex
906 893 1009 977 perte
1031 883 1188 977 cupitur)
1210 895 1249 957 et
1265 903 1354 978 quo·

293 997 392 1070 ulum
410 1000 565 1094 plurima
584 1000 808 1072 diversorum
826 997 1023 1072 Poetarum
1045 1001 1125 1070 locu
1145 1000 1272 1071 eodem
1295 1023 1353 1072 ur·

293 1115 405 1187 tlficio
434 1117 626 1209 procedere
655 1117 1001 1201 animadvertemnt,
1028 1115 1191 1209 protinus
1221 1116 1269 1188 od
1297 1114 1353 1188 in·

294 1231 385 1302 tima
410 1232 608 1324 penetratio
633 1253 671 1304 ee
693 1233 789 1304 riam
817 1233 998 1326 operuisse
1020 1243 1224 1318 autument,
1241 1243 1352 1326 utque

295 1346 429 1418 animae
452 1347 549 1419 illiue
572 1348 692 1419 sedem
715 1369 798 1442 quae
821 1357 937 1419 toton
956 1350 1090 1420 molem
1106 1348 1267 1443 agitabat
1283 1347 1352 1419 eibi

294 1461 467 1534 videntur
483 1463 680 1535 occasum.
720 1460 802 1535 Hoc
817 1463 954 1557 itaque,
967 1464 1215 1558 qualecunque
1230 1458 1353 1550 llrerit,

292 1589 470 1675 tunquam
495 1581 674 1652 universae
699 1582 787 1654 artis
810 1580 885 1651 vim
908 1590 947 1652 et
968 1581 1136 1674 spiritum
1151 1583 1263 1676 vulgo
1285 1579 1354 1650 cir·

292 1698 520 1780 cumlerunt3
547 1707 678 1769 caetcra
695 1697 827 1769 ossium
845 1706 885 1767 et
901 1695 1019 1766 camis
1033 1696 1149 1767 inetur
1164 1698 1309 1767 habent

343 1815 426 1897 Quo
450 1816 557 1907 culpe
582 1833 665 1885 cum
690 1813 897 1885 criticorum
924 1813 1135 1905 complures,
1152 1813 1351 1906 presertim

292 1929 545 2017 recentiorum,
557 1931 719 2002 laborare
731 1928 1077 2013 animadvertissem,
1090 1939 1169 2001 tum
1183 1929 1281 2023 opud
1291 1951 1353 2002 ve·

293 2055 387 2118 teres
404 2047 585 2118 neminem
598 2067 643 2118 eo
654 2069 797 2140 prorsus
811 2067 952 2129 vocare,
965 2045 1035 2117 nisi
1046 2046 1141 2118 forte
1155 2047 1349 2118 Horatium

292 2161 527 2257 excipiamus,
555 2163 683 2256 reperi.
735 2157 834 2234 Nam
865 2172 931 2234 aut
961 2180 1020 2233 me
1049 2161 1204 2256 suscepti
1234 2161 1351 2254 operit

292 2301 395 2350 umor
416 2281 649 2352 vehementer
672 2278 778 2365 follit,
805 2288 870 2350 out
893 2296 1011 2371 neque
1035 2277 1250 2350 Aristoteles
1275 2276 1352 2370 ipoe

293 2397 414 2490 (cnjus
438 2395 691 2466 auctoritatem
717 2393 756 2463 in
780 2395 849 2464 hec
873 2415 915 2463 re
939 2411 1080 2484 semper
1104 2393 1352 2488 &crimmum

290 2509 469 2603 judicari)
495 2509 534 2578 in
565 2507 798 2578 celeberrimo
823 2527 933 2599 quem
963 2505 1106 2598 scripsit
1130 2508 1176 2578 de
1206 2507 1354 2582 Poeuca

295 2623 399 2705 libro,
428 2629 544 2694 totam
577 2623 655 2716 eju·
690 2618 901 2714 complexus
933 2630 989 2692 cot
1016 2621 1180 2705 formum,
1210 2625 1354 2717 quondo

295 2765 376 2814 eam
394 2742 469 2813 solo
486 2762 625 2811 morum
643 2737 847 2813 imitatione
863 2738 1040 2812 contineri
1055 2740 1193 2813 statuit.
1222 2740 1352 2836 Neque
1386 2803 1392 2810 .

293 2878 379 2929 sone
394 2857 558 2941 Horatio,
571 2876 778 2952 quanquam
794 2880 842 2929 ex
860 2856 1004 2949 scriptis
1018 2859 1096 2952 ejus
1107 2856 1241 2951 justior
1253 2879 1353 2951 quae-

292 2974 376 3045 dam
403 2984 512 3069 utque
537 2973 732 3046 absolutior
754 2969 930 3045 elicienda
950 2985 1007 3046 ert
1029 2973 1203 3055 doctrina,
1220 2984 1277 3044 est
1296 2984 1352 3045 tn·

292 3108 376 3161 men
400 3091 515 3185 operis
540 3091 690 3185 perlecti
716 3098 826 3185 utque
851 3090 888 3160 in
916 3113 998 3162 cuns
1023 3100 1144 3183 portes
1167 3088 1352 3162 nummu

292 3206 479 3279 referenda
495 3210 604 3278 laus.¹
1349 3273 1352 3284 .

344 3324 572 3414 Quapropter
594 3346 677 3392 cum
698 3321 736 3391 in
754 3322 822 3391 hoc
840 3319 987 3391 consilio
1004 3328 1235 3399 verterenet
1252 3318 1352 3412 quic·

293 3432 382 3531 quid
400 3439 446 3508 ab
462 3437 519 3507 his
536 3456 703 3507 mancum
728 3444 821 3507 estet
836 3434 1017 3519 relictum,
1032 3444 1209 3527 quantum
1232 3434 1271 3504 in
1293 3459 1352 3508 me

292 3554 397 3637 foret,
415 3554 646 3636 absolverem,
665 3561 714 3637 et,
731 3551 825 3622 sicut
841 3548 955 3633 aiunt,
979 3549 1053 3621 mis
1077 3549 1267 3642 explerem·
1285 3563 1352 3622 nn·

294 3670 412 3755 meris,
428 3666 606 3761 principio
620 3667 825 3739 universnm
844 3685 922 3737 rem
939 3666 977 3736 in
999 3654 1089 3737 duae
1111 3658 1231 3758 partes
1253 3689 1351 3739 com

294 3784 398 3856 mode
409 3784 648 3857 divieem'fore
661 3782 882 3856 existimavi:
901 3770 1012 3853 unam
1025 3804 1108 3877 quae
1120 3802 1167 3853 cx
1177 3781 1349 3867 materia,

293 3902 443 3973 alteram
470 3920 554 3995 quoe
584 3920 631 3972 ex
662 3897 786 3970 verbio
811 3908 1004 3971 constaret.
1056 3899 1119 3969 Ex
1143 3898 1200 3971 llis
1225 3910 1347 3972 antcnr
1436 3885 1440 3891 ⁴

292 4017 465 4109 partibus,
481 4014 688 4110 posterioris
703 4016 883 4108 duplicem
904 4035 1028 4085 rursus
1050 4034 1127 4085 esec
1148 4014 1347 4087 rationemt

294 4134 454 4216 alteram,
467 4154 550 4227 quae
568 4134 614 4205 dc
626 4134 814 4205 verborum
832 4118 1087 4225 phrasiumque
1099 4132 1136 4202 ri
1148 4140 1192 4203 tc
1205 4142 1347 4213 notum,

294 4250 455 4335 alterum,
472 4274 556 4346 quae
571 4250 617 4323 de
634 4271 802 4323 versuum
821 4258 1003 4321 structura
1024 4258 1063 4321 et
1082 4270 1233 4321 numero
1254 4258 1347 4320 truc·

293 4374 399 4440 toret.
442 4348 631 4451 ¹Quoniam
650 4390 731 4440 vero
749 4366 796 4439 de
811 4364 974 4460 utrisque
990 4375 1045 4437 ert
1061 4356 1227 4440 subtilior
1248 4383 1345 4461 quaea

798 4500 821 4551 c
840 4489 863 4552 2
