3559 5575
967 88 1097 151 442
1707 83 1952 147 PARS
1996 82 2341 147 TERTIA
2464 85 2693 147 Pam..
2726 85 3127 151 XXXIV.

963 258 1357 352 spectanda
1390 272 1634 328 tamen
1669 264 1778 326 est
1813 254 2145 325 universa
2180 256 2522 326 humanae
2566 257 2834 329 mentis
2875 260 3122 341 ratio,

961 375 1242 468 quoties
1288 368 1606 442 aliorum
1647 393 1895 442 sensus
1938 369 2132 440 hisce
2181 370 2531 442 illecebris
2580 371 2851 444 irretiri
2886 377 3121 446 volu-

961 514 1142 562 mus.
1214 490 1471 581 Neque
1506 486 1701 558 enim
1739 485 1854 577 <ut
1885 487 2362 558 concedamus
2393 483 2818 585 accidentia
2853 493 3117 586 magis

957 615 1192 696 poetae
1245 601 1688 674 observanda
1738 623 1956 694 quam
2017 597 2403 683 essentias,
2453 611 2530 671 et
2579 614 2799 692 prout
2841 603 2917 673 in
2975 605 3111 675 his

956 720 1228 792 fuerint
1262 718 1398 789 sibi
1429 742 1544 789 res
1577 717 1888 788 invicem
1924 715 2211 798 simileS,
2237 737 2556 808 genera,
2592 726 2675 788 ut
2702 717 3106 791 dialectice

957 837 1234 928 loquar,
1257 833 1688 927 formanda,)
1722 831 2142 902 dissolutam
2176 829 2444 902 idcirco
2478 854 2765 923 prorsus
2800 835 3102 918 seriem,

960 951 1157 1020 nullo
1203 947 1564 1020 societatis
1608 945 1878 1017 foedere
1924 946 2083 1038 conj
2091 954 2409 1028 unctam,
2445 969 2843 1038 proponere
2875 949 3101 1021 dece-

962 1063 1092 1137 bit.

1060 1179 1441 1271 Exemplis
1475 1177 1817 1249 nimirum
1850 1175 1978 1244 vix
2011 1174 2366 1268 indigebit
2398 1175 2720 1268 quisquis
2755 1175 2835 1245 in
2868 1176 3091 1248 Asia-

959 1295 1266 1367 ticorum
1302 1304 1635 1386 poemata
1667 1292 1908 1362 oculos
1941 1312 2260 1383 unquam
2289 1290 2717 1384 conjecerit:
2754 1292 2883 1384 qui
2908 1316 3087 1364 sane

957 1432 1102 1480 non
1138 1409 1352 1480 modo
1383 1408 1462 1478 in
1501 1405 1883 1500 phantasia
1927 1403 2337 1476 delinienda
2382 1415 2614 1477 totam
2660 1406 3085 1498 impendere

958 1525 1188 1595 solent
1228 1544 1539 1614 operam,
1586 1521 1713 1591 sed
1753 1519 2105 1614 imagines
2151 1542 2437 1613 quoque
2484 1520 2561 1590 in
2614 1522 2814 1592 omni
2865 1546 3082 1617 argu-

959 1647 1203 1708 mento
1228 1637 1453 1707 ferme
1479 1635 1765 1706 easdem
1794 1657 2178 1729 congerere
2202 1658 2220 1715 ;
2255 1643 2341 1705 ut
2366 1635 2785 1728 priusquam
2810 1637 3077 1709 librum

958 1752 1258 1846 aperias,
1280 1753 1442 1844 plus
1475 1749 1775 1821 dimidia
1810 1751 1965 1843 eJus
1999 1760 2205 1841 parte
2229 1750 2383 1842 ipse
2407 1751 2650 1821 animo
2684 1754 3075 1846 praecipere

958 1868 1203 1962 possis.
1310 1868 1465 1937 Has
1525 1888 1717 1950 vero,
1777 1875 1861 1937 ut
1921 1864 2281 1958 proposito
2349 1867 2756 1938 conducant
2815 1891 3074 1960 parum

960 1983 1240 2067 soliciti,
1266 2005 1358 2054 ne
1389 1982 1580 2053 inter
1613 2005 1689 2052 se
1721 1980 2014 2074 quidem
2049 1991 2250 2052 arcta
2283 1982 2811 2054 necessitudine
2843 1985 3075 2056 teneri

957 2103 1234 2182 volunt,
1262 2107 1389 2170 aut
1413 2095 1679 2191 insigni
1704 2096 1943 2188 aliqua
1974 2096 2410 2188 proprietate
2445 2098 2689 2169 affines
2712 2122 2913 2180 esse;
2947 2100 3073 2171 sed

959 2215 1018 2285 si
1054 2215 1266 2286 modo
1301 2213 1589 2284 vinculo
1628 2211 1940 2304 quodam
1980 2211 2276 2294 laxiore,
2312 2223 2387 2283 et
2427 2210 2784 2305 generali
2827 2216 3071 2287 admo-

958 2330 1133 2401 dum
1174 2329 1410 2421 capite
1454 2327 1981 2413 contineantur,
2015 2327 2188 2397 satis
2238 2328 2525 2398 habent.
2628 2329 2827 2411 Quid
2877 2332 3067 2401 enim

958 2468 1002 2516 a
1033 2469 1204 2517 vera
1237 2443 1705 2517 similitudine
1753 2443 2064 2514 alienum
2115 2444 2369 2538 magis,
2403 2466 2621 2537 quam
2674 2447 2833 2516 haec
2877 2447 3067 2538 prin-

957 2559 1133 2652 cipis
1178 2559 1554 2652 cujusdam
1587 2557 1893 2630 Asiatici
1941 2581 2105 2629 cum
2130 2555 2384 2649 fluvio
2436 2559 2774 2651 primum,
2808 2559 3064 2633 deinde

957 2696 1178 2762 aura,
1212 2696 1383 2744 mox
1417 2694 1580 2743 cum
1616 2668 1939 2762 artificis
1972 2694 2199 2743 manu
2234 2676 2671 2767 comparatio
2692 2676 2729 2746 Ρ

1222 2835 1410 2899 Vides
1439 2847 1512 2899 ut
1541 2856 1725 2921 agros
1753 2831 1940 2897 dulce
1969 2847 2318 2920 gemmatos
2347 2834 2514 2901 lavet

1303 2941 1669 3024 Argenteus
1698 2934 1817 2999 rivi
1847 2935 2055 3009 latex3

1215 3039 1463 3105 Virides
1491 3052 1566 3102 ut
1593 3059 1749 3101 aura
1778 3035 2046 3101 stridulo
2072 3036 2501 3103 modulamine

1300 3140 1669 3205 Arundines
1696 3139 2134 3225 interstrepat!

1217 3244 1343 3321 Sic,
1372 3242 1459 3306 sic
1486 3263 1735 3306 amoeno
1762 3240 1964 3305 oincte
1992 3239 2303 3303 virtutum
2332 3241 2548 3322 choro,

1298 3344 1624 3431 Princeps,
1656 3340 2006 3410 amabiliter
2037 3339 2221 3406 nites.

1110 3500 1122 3509 .
1218 3448 1312 3512 Ut
1341 3446 1615 3511 maximo
1641 3445 1880 3522 labore,
1911 3456 1976 3508 et
2001 3459 2138 3508 arte
2167 3441 2440 3508 maxima

1298 3546 1564 3633 Effingit
1594 3546 1822 3612 artifex
1852 3547 2033 3625 ebur,

1217 3645 1319 3711 Sic
1348 3646 1429 3711 ad
1456 3646 1908 3734 benignitatem
1940 3645 2140 3710 amica
2168 3644 2400 3709 civium

1301 3749 1546 3814 Blande
1572 3749 1810 3837 figuras
1837 3763 2115 3837 pectora.

1213 3855 1309 3919 Ut
1340 3852 1605 3917 delicata
1629 3851 2015 3939 gemmulam
2044 3850 2287 3936 expolit
2317 3872 2543 3914 manus

1300 3954 1580 4043 Fulgore
1609 3954 1922 4019 lucentem
1947 3974 2164 4031 aureo,
