3559 5575
417 249 814 320 Passum.
1069 252 1200 315 DE
1250 250 1878 316 IMITATIONE.
2405 248 2533 316 129

414 432 585 494 sunt
616 423 693 494 in
729 422 1134 495 Achilleide
1174 425 1279 494 ita
1324 424 1416 494 ad
1461 445 1782 518 unguem
1829 421 2173 514 expolita,
2207 431 2290 491 ut
2325 443 2533 514 supe-

411 536 559 607 rari
591 537 719 607 vix
769 548 1059 631 queant.
1160 536 1566 608 Deidamiae
1613 537 1855 608 fabula
1899 536 2201 607 fortasse
2242 534 2335 605 ad
2368 557 2527 604 eam

414 653 644 746 magis
688 662 963 744 partem
1003 653 1334 725 videatur
1354 639 1762 745 pertinere,
1796 676 1961 744 quae
2011 652 2104 722 de
2154 649 2534 720 affectibus

413 767 793 837 tractabit:
847 768 1067 837 habet
1117 778 1363 838 tamen
1415 769 1763 837 nonnulla
1823 790 1989 859 quae
2039 776 2115 836 et
2159 765 2279 834 hic
2334 774 2532 834 recte

415 882 737 952 adhiberi
763 880 1061 973 possint,
1083 883 1253 974 quia
1277 883 1588 953 indolem
1616 893 1690 953 et
1713 905 1945 953 mores
1972 879 2527 953 adolescentium

415 1007 491 1068 et
524 998 840 1068 occultos
871 996 1219 1088 quosdam
1255 997 1479 1067 animi
1511 997 1744 1067 flexus
1776 999 2073 1088 pulchre
2106 995 2530 1088 expediunt,

418 1111 839 1203 priusquam
897 1110 976 1179 in
1027 1108 1377 1181 violentos
1434 1110 1694 1181 amoris
1745 1120 1965 1181 aestus
2014 1133 2127 1181 res
2176 1118 2531 1200 erumpat.

420 1225 844 1320 Cujusmodi
880 1234 1051 1294 sunt
1084 1223 1230 1306 illa,

687 1360 1002 1425 AEaciden
1031 1359 1208 1424 furto
1227 1361 1363 1447 jam
1396 1374 1657 1425 noverat
1685 1384 1816 1425 una
1844 1360 2140 1425 latentem
2215 1350 2225 1358 ’

680 1459 1017 1526 Deidamia
1043 1460 1276 1539 virum,
1309 1461 1417 1524 sed
1446 1476 1686 1548 opertae
1713 1459 1959 1525 conscia
1986 1460 2192 1546 culpae

680 1565 932 1628 Cuncta
957 1574 1169 1650 pavet,
1201 1565 1551 1651 tacitasque
1561 1570 1764 1650 putat
1788 1565 2026 1627 sentire
2050 1582 2321 1627 sorores.

1862 1666 2169 1730 Acium„
2203 1666 2261 1729 Ι.
2292 1662 2445 1729 561.

520 1802 749 1894 Culpa
783 1825 953 1873 vero
984 1803 1111 1873 illa
1143 1812 1323 1886 erat,
1346 1826 1489 1873 non
1526 1805 1722 1873 laesae
1756 1801 2152 1894 pudicitiae,
2178 1802 2306 1872 sed
2338 1799 2535 1894 quod

419 1917 496 1987 in
530 1915 890 2012 virginum
927 1927 1119 1989 coetu
1144 1917 1381 1987 virum
1415 1940 1623 2009 passa
1655 1916 1749 1988 sit
1776 1917 1901 1987 diu
1927 1917 2223 2009 impune
2244 1914 2533 1986 versari.

423 2032 619 2101 Tum
680 2031 1118 2102 suavissimis
1179 2032 1452 2123 aliquot
1503 2031 1903 2124 interjectis
1960 2030 2305 2113 versibus,
2358 2051 2538 2121 quos

423 2153 680 2234 utpote
712 2144 1076 2236 proposito
1109 2144 1499 2214 admodum
1534 2145 2067 2226 convenientes,
2102 2124 2163 2213 si
2195 2166 2322 2235 per
2358 2152 2542 2212 tem-

426 2277 563 2348 pus
595 2257 867 2339 liceret,
898 2279 1355 2351 nequaquam
1390 2256 1861 2348 praeterirem,
1885 2257 2245 2351 ingressus
2276 2253 2543 2347 primos

426 2373 690 2442 amoris
726 2382 801 2443 et
836 2372 1042 2464 quasi
1076 2369 1519 2463 prolusiones
1552 2370 1654 2440 sic
1688 2371 1941 2463 aperit.

606 2490 761 2575 Ipsa
788 2512 1048 2576 quoque
1077 2503 1142 2553 et
1171 2487 1412 2551 validos
1439 2488 1722 2574 proferre
1752 2487 2095 2552 modestius
2122 2502 2319 2565 artus,

601 2589 694 2652 Et
725 2600 985 2652 tenuare
1014 2587 1205 2652 rudes
1233 2588 1451 2652 attrito
1478 2587 1704 2674 pollice
1733 2587 1906 2651 lanas

602 2690 1035 2767 Demonstrat,
1065 2688 1389 2775 reficitque
1417 2686 1604 2767 colos,
1635 2704 1700 2753 et
1727 2688 1976 2776 perdita
2001 2688 2166 2752 dura

604 2793 811 2855 Pensa
838 2813 1072 2864 manu;
1123 2791 1420 2878 vocisque
1450 2814 1697 2869 sonum,
1726 2791 2110 2878 pondusque
2137 2793 2424 2872 tenentis,

601 2893 916 2978 Quodque
945 2892 1114 2979 fugit
1143 2892 1423 2971 comites,
1453 2892 1647 2956 nimio
1675 2892 1849 2977 quod
1880 2892 2120 2956 lumine
2149 2916 2281 2957 sese

602 2994 819 3079 Figat,
851 3008 915 3057 et
942 2993 1005 3055 in
1036 2994 1245 3057 verbis
1271 2993 1752 3078 intempestivus
1780 2992 2057 3071 anhelet,

604 3093 924 3156 Miratur:
965 3094 1099 3178 jam
1122 3094 1385 3179 jamque
1414 3091 1593 3156 dolos
1623 3092 1866 3177 aperire
1895 3106 2246 3178 parantem,

614 3191 916 3278 Virginea
942 3191 1196 3256 levitate
1222 3193 1418 3279 fugit,
1446 3191 1869 3278 prohibetque
1897 3191 2103 3256 fateri.

1892 3294 2188 3356 Acmm..
2222 3293 2275 3356 1.
2309 3294 2456 3357 584.

435 3401 900 3490 Quantopere
934 3419 1104 3466 vero
1140 3395 1214 3466 in
1252 3395 1848 3487 descriptionibus
1882 3395 2170 3467 veritati
2203 3398 2547 3485 consulat,

437 3513 775 3584 sectando
855 3534 1138 3604 semper
1205 3511 1446 3603 aliqua
1515 3533 1680 3604 quae
1747 3511 2131 3583 tardiorem
2198 3514 2548 3609 effugiant

438 3627 688 3714 aciem,
722 3628 969 3720 paucis
1001 3628 1240 3698 adhuc
1273 3625 1622 3718 exemplis
1657 3627 2099 3720 comprobari
2133 3631 2316 3699 volo.
2385 3629 2547 3701 Viri

438 3742 613 3813 ferae
654 3743 1007 3835 impetum
1041 3741 1525 3833 exspectantis
1560 3742 1858 3813 affectus
1892 3742 2162 3836 optime
2195 3744 2545 3836 perhibet.

527 3886 802 3948 Venator
828 3884 1021 3971 longo
1046 3898 1290 3949 motum
1321 3884 1592 3950 clamore
1617 3884 1860 3950 leonem

527 3987 875 4071 Exspectat
904 3986 1161 4050 firmans
1188 3986 1491 4063 animum,
1522 4000 1587 4049 et
1611 3986 1904 4051 sudantia
1931 3987 2072 4049 nisu

531 4084 694 4149 Tela
723 4108 1043 4172 premens:
1091 4085 1258 4172 gelat
1288 4109 1395 4149 ora
1429 4108 1649 4173 pavor,
1677 4109 2054 4172 gressusque
2084 4085 2490 4149 tremiscunt;

1470 4208 1524 4258 K

112 5058 2461 5575 ---·-
