3559 5575
490 83 555 146 402
860 77 981 142 PARS
1004 75 1193 142 TERTIA
1282 78 1394 142 Pur..
1413 79 1550 144 XXXI.

490 252 677 325 metuendi
700 275 823 323 sensus
849 262 892 324 ut
915 274 1037 345 parem
1060 251 1135 323 fere
1153 249 1228 320 vim
1248 249 1305 322 bis
1321 250 1469 324 vocibus
1487 254 1552 324 tri·

490 370 578 441 buat
597 367 793 440 Horatius:

576 513 641 576 Nil
652 511 812 574 admirari
826 531 926 598 prope
941 531 991 573 res
1005 523 1053 573 est
1068 531 1142 587 unu,
1162 509 1301 589 Numici,

577 613 716 701 Solaque
729 635 803 699 quoe
817 613 916 699 possit
929 611 1032 675 lacere
1046 625 1079 675 at
1093 633 1217 676 servare
1231 611 1370 676 beatum.

578 716 678 779 Hunc
692 713 801 792 solem,
816 726 849 777 et
863 711 981 790 stellas,
995 725 1028 776 et
1041 711 1225 777 decedentia
1238 714 1331 778 certis

577 818 741 904 Tempora
755 814 932 893 momentis,
948 827 1022 878 sunt
1037 814 1092 901 qui
1094 814 1281 900 formidine
1295 816 1386 880 nullo

579 918 701 983 Imbuti
716 929 868 1006 spectent.
1189 917 1282 981 Hoa.
1299 918 1360 982 Er.
1376 917 1407 981 Ι.
1423 917 1456 996 6,
1474 921 1505 982 1.

541 1057 649 1141 Quod
666 1057 764 1150 prius
784 1077 869 1148 ergo
890 1053 1034 1124 dixerat
1051 1049 1110 1122 nil
1130 1049 1318 1126 admirari
1340 1056 1437 1127 idem
1462 1080 1548 1127 mox

493 1169 598 1243 nulla
609 1168 823 1269 formidine
845 1168 958 1262 qffica',
975 1170 1136 1242 oratione
1157 1174 1318 1264 paullum
1343 1172 1548 1256 immutata,

492 1289 555 1361 ait.
607 1289 787 1371 Quoniam
817 1287 930 1382 igitur
956 1310 1004 1357 ex
1034 1287 1185 1357 obscura
1211 1287 1486 1382 significatione,
1512 1299 1548 1359 et

492 1404 661 1497 ambigua
685 1407 776 1487 luce,
802 1413 866 1474 aut
892 1426 939 1472 ex
969 1402 1121 1496 caligine
1149 1403 1295 1474 demum
1325 1404 1403 1496 ipsa
1430 1415 1548 1475 metus

492 1518 606 1613 magis
622 1518 770 1603 oriatur,
787 1540 896 1611 quam
914 1526 1013 1588 certa
1031 1540 1152 1588 rerum
1169 1519 1384 1613 cognitione,
1401 1521 1548 1590 omnino

491 1635 539 1706 ad
558 1632 785 1725 phantasiam
802 1633 946 1704 videtur
969 1633 1150 1724 pertinere
1176 1656 1218 1705 ea
1243 1635 1470 1726 potissimum
1496 1660 1549 1707 se-

491 1750 566 1844 qui,
583 1772 663 1841 quae
685 1748 838 1841 pectoris
861 1748 964 1841 quasi
985 1772 1115 1819 arcana
1132 1750 1331 1832 excutiant,
1348 1773 1431 1842 quae
1449 1774 1550 1822 men-

491 1873 567 1936 tem
592 1862 639 1934 ad
665 1861 900 1958 cogitationes
925 1863 1113 1955 impellant
1136 1886 1158 1933 a
1179 1863 1265 1934 vitae
1290 1865 1550 1936 cousuetudine

492 1979 711 2065 remotiores,
726 1989 764 2050 et
777 1989 1014 2071 conceptuum
1033 2001 1179 2048 suorum
1196 1979 1379 2051 celeritate
1391 2003 1550 2050 commo-

492 2106 569 2166 tam
586 2095 749 2167 reddant.
801 2094 972 2165 Plurimis
992 2103 1114 2165 autem
1136 2095 1176 2165 id
1197 2095 1273 2166 fieri
1293 2119 1395 2187 posse
1421 2095 1549 2178 modis,

491 2212 592 2281 nulla
608 2211 757 2281 monstri
776 2211 893 2302 specie
906 2210 954 2281 ad
966 2210 1207 2301 percellendos
1220 2205 1342 2280 oculos
1353 2210 1549 2302 proposita,

492 2326 636 2420 egregia
649 2326 711 2396 illa
722 2325 865 2421 Virgilii
880 2325 1043 2419 prodigia
1056 2325 1191 2418 optime
1204 2326 1354 2398 docent:
1372 2350 1393 2397 e
1406 2327 1548 2420 quibus,

492 2442 649 2533 exempli
672 2465 789 2524 causa,
807 2442 1009 2534 proferatur
1031 2440 1121 2512 illud
1142 2440 1187 2511 de
1205 2442 1358 2513 arbustis
1376 2443 1549 2538 Polydori

493 2556 633 2627 tumulo
648 2555 790 2626 evulsis.

580 2741 676 2821 Nam,
691 2764 764 2830 quae
778 2740 880 2829 prima
895 2740 961 2807 solo
975 2742 1077 2831 ruptis
1092 2713 1253 2807 radicibus
1264 2741 1357 2807 arbos
1464 2824 1471 2845 ι

580 2842 726 2924 Vellitur,
740 2842 815 2909 huic
829 2855 899 2907 atro
912 2843 1081 2930 liquuntur
1096 2843 1248 2929 sanguine
1261 2857 1374 2931 guttae,

580 2946 626 3010 Et
641 2958 755 3031 tergam
770 2945 845 3010 tabo
860 2944 1029 3010 maculant.
1077 2944 1162 3009 Mihi
1175 2944 1312 3031 frigidus
1326 2945 1440 3009 horror

582 3047 731 3112 Membra
743 3046 857 3134 quatit,
872 3045 1060 3133 gelidusque
1073 3046 1136 3110 coit
1150 3046 1316 3112 formidine
1331 3049 1471 3135 sanguis.

582 3150 709 3215 Rursus
722 3162 755 3214 et
768 3149 897 3214 alterius
910 3147 1031 3212 lentum
1046 3146 1220 3213 convellere
1235 3149 1338 3215 vimen

582 3253 749 3339 Insequor,
763 3265 795 3317 et
808 3274 918 3316 causas
932 3250 1058 3338 penitus
1074 3263 1194 3315 tentare
1207 3249 1356 3315 latentes:

580 3355 664 3419 Ater
678 3368 710 3418 et
724 3353 851 3419 alterius
866 3352 1009 3439 sequitur
1023 3351 1064 3416 de
1078 3350 1192 3417 cortice
1207 3353 1343 3439 sanguis

581 3454 690 3518 Multa
703 3476 834 3519 movens
847 3455 952 3518 animo
966 3452 1134 3539 Nymphas
1149 3454 1319 3519 venerabar
1332 3468 1484 3541 agrestes,

582 3554 824 3641 Gradivumque
838 3569 971 3642 patrem,
989 3553 1108 3619 Geticis
1122 3554 1177 3639 qui
1193 3555 1342 3641 praesidet
1355 3555 1451 3635 arvis,

581 3656 657 3721 Rite
671 3656 879 3721 secundarent
893 3656 991 3735 visua,
1006 3677 1162 3742 omenque
1175 3653 1326 3721 levarent.

581 3758 693 3824 Tertia
706 3757 761 3821 sed
777 3771 945 3844 postquam
961 3757 1079 3843 majore
1094 3755 1218 3820 hastilia
1231 3757 1309 3821 nixu

581 3862 776 3951 Aggredior,
790 3859 988 3949 genibusque
1002 3858 1142 3923 adversae
1156 3858 1301 3924 obluctor
1314 3880 1438 3924 arentes

580 3962 735 4050 Eloquar,
750 3985 791 4027 an
805 3960 934 4026 sileam?
948 3959 1086 4047 gemitus
1099 3958 1298 4025 lacrimabilis
1310 3960 1374 4023 imo

580 4064 727 4129 Auditur
741 4062 875 4141 tumulo,
892 4076 925 4127 et
938 4086 1002 4127 vox
1016 4060 1141 4127 reddita
1154 4062 1257 4129 fertur
1269 4062 1309 4127 ad
1326 4084 1435 4137 aures:
