3559 5575
391 78 639 142 Pam„
672 77 830 141 XV.
1110 78 1241 141 DE
1288 76 1915 144 AFFECTIBUS.
2386 75 2525 145 '205

388 250 628 321 modo
661 230 890 321 virtus
923 258 999 321 et
1031 251 1442 344 tranquilla,
1478 275 1750 345 suoque
1794 273 2089 332 munere
2137 250 2291 323 sine
2337 253 2527 325 fastu

386 375 486 435 et
521 366 914 437 ambitione
945 364 1315 460 fungatur,
1347 375 1725 459 poetarum
1758 367 1923 437 ideo
1973 367 2333 438 minorum
2381 369 2530 459 ple*-

377 503 715 573 rumque
766 491 1058 572 captum
1111 480 1341 575 fugin
1397 503 1630 575 neque
1681 481 2019 551 maximis
2068 481 2143 550 in
2198 483 2528 574 operibus

387 594 551 665 nisi
584 596 793 667 docte
828 595 1147 687 sciteque
1180 595 1709 690 inquirentibus
1740 595 1946 666 facile
1981 607 2302 688 apparet.
2365 595 2529 668 Cae-

390 720 732 781 terorum
761 733 929 780 vero
964 709 1137 780 licet
1162 707 1393 780 aciem
1426 712 1653 792 fallat,
1681 710 1755 779 vi
1786 720 2031 782 tamen
2067 734 2195 782 sua
2232 711 2528 784 minime

378 836 655 906 ·caret;
688 848 950 917 eosque
985 827 1264 895 occulto
1296 825 1483 919 regit
1514 825 1838 917 imperio,
1873 827 2065 898 unde
2100 837 2339 899 ortum
2373 826 2527 920 ipsa

398 938 642 1010 ducat
677 948 806 1008 aut
839 962 983 1030 quo
1015 939 1365 1010 referatur
1395 938 1704 1033 ignaros,

522 1053 862 1147 Perlegat
930 1052 1209 1145 aliquiS,
1265 1052 1323 1123 si
1382 1076 1535 1124 rem
1603 1052 1953 1124 attentius
2012 1052 2280 1125 intueri
2334 1055 2529 1138 velit,

396 1165 787 1261 egregiam
833 1167 1031 1236 illam
1069 1166 1229 1237 Nisi
1271 1166 1719 1260 Euryalique
1765 1167 2181 1249 historiam3
2232 1167 2356 1238 ubi
2404 1191 2531 1239 ex-

397 1291 617 1355 stant
650 1291 845 1352 certe
879 1281 1120 1351 omnia
1155 1305 1319 1375 quae
1360 1283 1454 1353 ad
1500 1282 2056 1354 misericordiam
2104 1284 2529 1354 movendam

388 1399 823 1491 ·pe1·tinent;
875 1407 954 1469 at
1000 1420 1142 1492 quo
1192 1398 1304 1469 his
1349 1400 1674 1491 partibus
1724 1399 2009 1493 integra
2055 1423 2186 1470 sua
2218 1399 2325 1469 vis
2364 1422 2531 1470 oon·

400 1523 585 1595 stet,
620 1512 804 1584 mira
847 1512 1063 1583 simul
1106 1522 1263 1584 arte
1307 1524 1652 1585 contexta
1694 1523 1806 1585 est
1839 1513 2123 1585 fabula:
2177 1524 2261 1586 ut
2294 1514 2530 1607 specie

401 1630 570 1701 veri
605 1629 990 1723 diligenter
1022 1639 1303 1700 servata
1335 1652 1692 1723 nusquam
1727 1631 2000 1702 haereat
2031 1631 2338 1725 legentis
2373 1631 2529 1701 ani-

398 1768 602 1827 muS,
634 1744 820 1814 nihil
861 1766 1182 1836 unquam
1229 1745 1606 1828 desideret,
1646 1746 1843 1816 nulla
1889 1745 2322 1818 distineatur
2370 1746 2530 1818 falsi

403 1859 842 1952 suspicione.

527 1976 752 2045 Missa
799 1976 958 2067 jam
1011 1975 1197 2047 facio
1249 2000 1413 2069 quae
1471 1976 1549 2046 in
1609 1975 1859 2047 castris
1913 1988 2084 2048 ante
2144 1977 2531 2048 discessum

407 2087 581 2160 fieri
613 2089 976 2160 dicuntur.
1082 2090 1353 2161 Itinere
1395 2101 1639 2162 autem
1680 2090 1969 2183 incepto
2003 2100 2178 2184 quot
2211 2115 2325 2161 res
2373 2093 2535 2162 sub-

408 2213 627 2290 eunt,
679 2214 756 2276 et
807 2227 1025 2297 quam
1067 2205 1429 2276 occasioni
1496 2206 2041 2277 convenientes!
2121 2203 2533 2298 Sopitorum

405 2319 741 2391 hostium
783 2321 1039 2403 caedeS,
1072 2344 1434 2392 armorum
1480 2320 1810 2413 direptio,
1847 2321 2153 2414 Euryali
2190 2320 2533 2415 juvenilis

407 2435 636 2506 ardor
679 2445 756 2507 et
802 2434 1189 2527 spoliorum
1236 2435 1614 2527 cupiditas,
1648 2434 1885 2505 Lunae
1938 2435 2120 2506 radii
2166 2437 2375 2530 galea
2425 2459 2535 2505 re-

404 2551 759 2644 percussi,
795 2552 986 2623 unde
1021 2552 1335 2644 primum
1368 2551 1753 2623 innotescit
1787 2552 2005 2635 fraus,
2041 2563 2200 2623 tum
2246 2552 2340 2623 ad
2391 2554 2532 2645 syl-

404 2687 549 2737 vas
581 2666 785 2762 fuga,
803 2666 1045 2738 fauces
1080 2668 1171 2738 ab
1204 2666 1567 2759 equitibus
1593 2667 1918 2749 obsessae,
1944 2667 2092 2737 tela
2124 2688 2219 2736 ex
2254 2668 2533 2737 occulto

405 2782 641 2854 missa
706 2784 783 2851 in
844 2782 1188 2854 attonitos
1245 2783 1488 2852 hostes
1542 2795 1617 2852 et
1676 2779 1996 2874 undique
2055 2780 2535 2873 circumspici-

405 2909 669 2979 entes3
721 2897 912 2968 unde
963 2896 1258 2967 tandem
1308 2896 1635 2977 efficitur,
1676 2889 1761 2967 ut
1795 2896 1962 2965 viva
2012 2916 2252 2964 rerum
2303 2895 2534 2988 effigie

399 3012 643 3106 capti,
679 3020 945 3082 caetera
977 3010 1218 3082 omnia
1262 3010 1704 3101 excipiamus
1745 3010 1986 3080 animo
2032 3008 2339 3097 intento,
2371 3008 2538 3080 sim-

397 3128 616 3221 plici,
654 3126 986 3222 benigno.

521 3242 900 3315 Consimili
952 3239 1384 3322 narratione,
1444 3239 1536 3309 de
1598 3238 1881 3331 Hopleo
1941 3238 2210 3310 scilicet
2260 3248 2335 3310 et
2384 3237 2538 3332 Dy-

415 3369 695 3442 mante,
717 3356 1165 3428 Thebaidem
1187 3378 1390 3426 suam
1418 3355 1655 3427 ornari
1680 3354 1907 3426 voluit
1928 3354 2223 3426 Statius·
2259 3348 2536 3454 [Theb.

407 3475 519 3545 X.
559 3478 734 3551 347.
770 3480 845 3544 et
873 3469 1068 3566 seq]
1133 3471 1347 3553 Quod
1397 3470 1457 3540 si
1508 3471 1668 3565 quis
1720 3470 1937 3542 Statii
1988 3471 2326 3542 lectorem
2377 3471 2536 3565 pari

402 3590 633 3660 exitu
670 3589 1222 3681 haudquaquam
1256 3586 1524 3679 pariter
1564 3586 1835 3658 moveri
1884 3586 2205 3670 miretur,
2238 3586 2317 3657 id
2343 3587 2535 3658 ⁴inde

419 3705 716 3776 evenire
751 3702 950 3785 sciat,
984 3701 1174 3796 quod
1211 3701 1329 3773 hic
1363 3713 1612 3794 aperta
1636 3700 1941 3774 veritate
1975 3712 2216 3774 careat
2248 3701 2531 3775 fabula:

419 3842 577 3890 non
627 3818 1056 3914 imaginibus
1109 3816 1616 3914 distinguitur:
1672 3841 1815 3888 non
1859 3817 2069 3890 factis
2102 3816 2337 3888 utitur
2367 3826 2534 3909 apte

414 3934 624 4006 inter
649 3957 724 4005 se
749 3933 1167 4027 conjunctis,
1193 3943 1267 4006 et
1293 3957 1336 4008 a
1362 3958 1436 4006 se
1469 3933 1778 4005 invicem
1815 3933 2332 4026 pendentibus:
2368 3953 2534 4024 quae
