3559 5575
316 136 544 199 Pam..
575 133 928 198 XXVIII.
1028 132 1158 196 DE
1208 130 1793 196 PHANTASIA.
2299 128 2434 196 865

490 303 759 383 Annuit,
789 316 854 369 et
881 315 1091 367 totum
1123 316 1287 367 nutu
1316 301 1664 368 tremefecit
1693 300 2082 391 Olympum:

1848 402 2010 468 ΕΝ.
2041 402 2164 468 ΙΧ.
2196 401 2367 469 106.’

313 531 508 626 quod
540 553 705 601 cum
742 527 1094 621 prioribus
1121 529 1373 600 eodem
1397 528 1611 613 redit,
1632 529 1851 601 missa
1886 531 2431 624 superciliorum

312 647 654 743 imagine,
688 669 852 740 quae
887 647 1188 718 mortale
1221 645 1438 716 nimis
1472 646 1682 740 sapit.

417 764 534 834 De
567 762 729 833 Diis
768 772 1015 834 autem
1048 759 1238 834 Jove
1283 762 1677 835 minoribus
1721 763 1933 836 facile
1981 763 2063 835 id
2105 763 2440 836 concedi-

320 889 464 965 tur,
497 889 584 949 ut
614 881 1008 949 humanam
1042 878 1351 949 induant
1383 879 1712 974 figuram,
1735 891 1811 952 et
1839 881 2174 952 membris
2206 880 2438 953 ferme

322 993 742 1065 humanitus
790 1001 1111 1075 utantur,
1147 993 1358 1063 modo
1407 1016 1500 1064 ne
1551 993 1627 1065 in
1681 994 1965 1090 singula
2013 997 2174 1088 plus
2224 1018 2434 1089 aequo

319 1117 772 1190 excurratur,
822 1108 1018 1201 quod
1074 1131 1218 1179 non
1270 1106 1410 1178 nisi
1456 1107 1705 1180 infimo
1754 1110 2136 1181 numinum
2187 1110 2439 1204 generi

321 1224 613 1296 videtur
677 1224 1079 1295 convenire.
1184 1223 1304 1294 Sic
1354 1224 1702 1317 Neptuno
1751 1224 1828 1296 in
1882 1226 2206 1318 Odyssea
2256 1250 2441 1318 prae-

320 1343 515 1412 clara
570 1340 959 1411 admodum
1019 1339 1404 1432 descriptio
1454 1341 1845 1413 tridentem
1906 1344 2135 1412 solum
2191 1352 2438 1434 aperte

321 1455 618 1537 tribuit;
652 1465 918 1527 caetera
951 1479 1079 1527 nos
1105 1465 1455 1549 conceptu
1485 1457 1712 1552 magis
1739 1481 1957 1551 quam
1984 1458 2207 1530 oculis
2232 1457 2435 1552 sequi

322 1572 574 1644 voluit.

486 1713 607 1789 ⁶525
634 1712 818 1792 etz-obv,
849 1713 1093 1799 σύναγεν
1121 1713 1374 1797 νεφέλας,
1404 1714 1643 1799 ἐτάραξε
1669 1716 1725 1778 δὲ
1754 1715 1970 1794 πόντον,

489 1823 671 1902 Χερσὶ
707 1817 955 1901 τρίαιναν
985 1817 1146 1882 ἑλόν·
1181 1818 1375 1893 πάσας
1403 1819 1445 1881 δ’
1477 1816 1711 1903 ὀρόθυνεν
1741 1817 1958 1894 ἀέλλας

502 1919 799 1984 Παντοίοον
827 1920 1060 2004 ἀνέμων·
1105 1922 1207 1990 σὺν
1237 1922 1292 1984 ὃὸ
1320 1920 1568 2001 νεφᾶεσσι
1600 1919 1828 1995 κάλυψε

501 2028 683 2090 Γαῖαν
711 2029 848 2106 ὁμοῦ
879 2025 977 2087 καὶ
1006 2024 1218 2087 πόντον·
1269 2022 1457 2111 ὀρώρει
1487 2024 1531 2084 δ’
1564 2021 1838 2109 οὐρανόθεν
1868 2023 1984 2100 νῦἔ.

1924 2126 2057 2188 On.
2091 2129 2165 2186 Ε.
2198 2126 2348 2194 291.

332 2279 754 2375 Cujusmodi
784 2279 1004 2351 etiam
1032 2290 1143 2351 est
1167 2279 1488 2374 ejusdem
1524 2277 1839 2349 numinis
1873 2302 1918 2348 a
1943 2277 2158 2349 Samo
2193 2285 2436 2347 monte

329 2397 427 2467 ad
474 2419 670 2469 mare
716 2397 1117 2480 descensus,
1158 2420 1203 2466 a
1237 2394 1570 2490 Longino
1615 2418 1761 2466 non
1808 2392 2169 2465 immerita
2222 2392 2435 2464 laude

331 2515 782 2595 cumulatus;

503 2697 730 2762 Αὐτίκα
761 2700 804 2761 δ’
835 2701 898 2777 ἐξ
925 2697 1069 2784 ὄρεος
1097 2698 1458 2778 κατεβῆσατο
1488 2696 1912 2774 παιπαλόεντος,

506 2804 767 2884 Κραιπνοὶ
798 2802 927 2864 ποσὶ
954 2801 1253 2886 προβιβάς·
1301 2800 1471 2886 τρᾶμε
1502 2803 1545 2864 δ’
1576 2799 1738 2885 οὔρεα
1766 2803 1967 2884 μακροὶ
1996 2800 2093 2862 καὶ
2126 2796 2231 2874 ὅλη

508 2903 734 2965 Ποσσὶν
762 2904 850 2965 ὑπ’
878 2903 1200 2966 ἀθανάτοισι
1230 2902 1614 2977 Ποσειδάωνος
1645 2903 1829 2977 ἰόντος.
1995 2902 2101 2965 11„
2131 2905 2216 2964 N.
2241 2902 2343 2968 17.

332 3082 593 3176 Neque
627 3102 917 3151 currum
952 3081 1107 3173 ejus
1151 3080 1442 3150 Oceano
1487 3076 1982 3149 transmissum
2028 3098 2439 3170 quenquam

331 3210 511 3291 puto
543 3197 927 3267 immotum
959 3195 1256 3289 legisse;

507 3318 590 3389 Βῆ
619 3315 663 3376 δ’
694 3310 872 3374 ἒλᾶαν
900 3312 987 3373 ἐπὶ
1016 3310 1247 3392 κύματ’·
1291 3307 1516 3372 ἄταλλε
1547 3307 1602 3369 δὲ
1633 3305 1780 3383 κῆτε’
1812 3307 1900 3369 ὑπ’
1930 3308 2083 3391 αὐτῷ

369 3417 374 3421 ’
506 3414 788 3478 Πάντοθεν
817 3416 879 3476 ἐκ
912 3413 1181 3495 κευθμῶν,
1213 3412 1318 3474 οὐδ’
1347 3408 1631 3496 ἠγνοίησεν
1660 3406 1904 3472 ἄνακτα·

508 3516 781 3603 Γηθοσῦνῃ
813 3517 868 3580 δῖ
898 3515 1169 3579 θάλασσα
1199 3514 1472 3577 διίστατο·
1520 3512 1604 3577 τοὶ
1636 3512 1679 3575 δ’
1711 3510 1960 3575 ἐπέτοντο

505 3618 715 3703 Ῥίμφα
744 3618 910 3699 μάλ’,
939 3620 1042 3682 οὐδ’
1074 3615 1317 3703 ὑπένερθε
1346 3614 1574 3680 διαίνετο
1598 3614 1859 3701 χάλκεος
1889 3611 2055 3691 ἄξων.
2105 3614 2208 3678 IL.
2226 3619 2305 3678 Ν.
2332 3617 2438 3684 27.

335 3779 446 3851 At
478 3781 889 3872 speluncam
922 3802 1067 3874 qua
1098 3778 1335 3849 Deum
1372 3777 1475 3849 ait
1506 3800 1636 3870 pro
1670 3777 1951 3848 stabulo
1984 3775 2095 3846 uti
2127 3776 2439 3857 solitum,

336 3906 414 3967 et
438 3897 786 3968 hordeum
820 3906 989 3966 ante
1023 3916 1241 3987 equos
1273 3893 1609 3986 positum,
1636 3902 1711 3965 et
1737 3892 2062 3964 cruribus
2095 3910 2439 3984 equorum

338 4013 715 4105 compedes
763 4012 943 4082 fixas
988 4033 1222 4091 nemo,
1257 4009 1529 4101 opinor,
1563 4033 1706 4081 non
1744 4009 2019 4080 Graecae
2050 4006 2442 4098 loquacita-
