3559 5575
967 70 1098 135 188
1185 63 1429 131 PARS
1478 58 1923 127 SECUNDA
1968 59 2099 123 DE
2145 58 2551 124 AFFECT.
2600 59 2832 123 Ρηι..
2864 16 3096 128 xm}

967 241 1107 313 rite
1155 238 1440 318 habeat,
1472 233 1894 306 tarditatem
1942 231 2354 334 auditorum
2404 232 2677 303 frustra
2724 232 3092 304 incusabit

969 355 1292 447 scriptor,
1326 361 1402 423 et
1435 374 1566 422 sua
1598 372 1722 441 spe
1755 348 2060 419 decidet.

1069 467 1492 540 Cavendum
1524 464 1803 536 interea
1835 473 1968 550 est,
1994 486 2086 534 ne
2120 485 2339 555 quem
2373 464 2681 533 alterum
2717 463 2795 532 in
2825 463 3090 534 vitium

969 586 1213 657 trahat
1268 580 1427 652 vitii
1480 579 1773 650 alterius
1834 579 2203 673 fuga—ne
2260 576 2553 669 propius
2611 578 2706 647 ad
2765 577 3087 649 historiae

970 704 1206 772 lucem
1241 695 1577 768 accedere
1602 694 1889 776 audeat,
1915 716 2132 786 quam
2159 692 2303 763 fert
2327 691 2645 763 Poeticae
2668 692 2774 763 rei
2801 702 3083 764 natura.

972 813 1188 895 Quod
1230 835 1323 883 ne
1364 809 1605 893 faciat,
1641 810 1757 879 vel
1789 807 2003 879 unius
2038 807 2321 877 Lucani
2352 807 2685 899 exemplo
2724 808 3085 899 prohiberi

974 928 1237 1024 possit:
1290 927 1412 1021 qui
1449 927 1622 997 dum
1657 926 1837 996 falsa
1871 924 2055 996 veris
2090 923 2482 995 admiscere
2528 923 2752 1016 cupit,
2785 933 2865 995 et
2900 924 3086 997 Deo—

829 1104 832 1107 .
974 1069 1136 1117 rum
1177 1042 1652 1115 ministerium
1702 1041 1796 1112 ad
1843 1040 2288 1112 notissimam
2340 1039 2713 1110 historiam
2769 1040 3082 1124 adhibet,

978 1185 1119 1232 non
1157 1170 1308 1231 tam
1354 1181 1611 1252 poema
1655 1179 1931 1239 ornare,
1965 1178 2182 1249 quam
2236 1154 2560 1226 historici
2607 1165 2850 1247 partes
2903 1159 3083 1228 male

978 1300 1212 1373 agere,
1246 1285 1321 1347 et
1355 1272 1647 1345 mentiri
1681 1295 1824 1342 non
1861 1271 2129 1365 fingere
2164 1269 2472 1342 videtur.

1079 1390 1398 1461 Pessime
1456 1397 1648 1459 certe
1702 1386 1805 1457 sic
1855 1386 1934 1456 in
1989 1385 2343 1478 Epopoeia
2403 1385 2834 1458 offenditur:
2911 1388 3086 1459 Tra-

977 1503 1236 1599 goediae
1270 1505 1406 1574 hoc
1431 1502 1713 1584 vitium,
1740 1501 1803 1572 si
1835 1500 2127 1573 omnino
2153 1501 2248 1572 sit
2272 1501 2553 1585 vitium,
2583 1501 2818 1572 minus
2855 1504 3083 1586 obest-3

978 1640 1388 1712 quanquam
1456 1627 1534 1688 et
1586 1616 1702 1687 hic
1769 1616 2148 1688 hodiernas
2205 1617 2594 1688 admodum
2653 1640 2765 1688 res
2818 1626 2899 1688 et
2955 1643 3099 1691 usu⁴

979 1733 1301 1829 cognitas
1346 1731 1668 1803 adhiberi
1716 1731 1964 1815 nolim,
2005 1755 2098 1802 ne
2142 1756 2188 1803 a
2226 1731 2603 1827 dignitate,
2638 1756 2857 1826 quam
2903 1735 3090 1806 tueri

979 1847 1330 1941 imprimis
1382 1847 1610 1934 decet,
1659 1846 1989 1918 nonnihil
2036 1847 2498 1930 detrahatur3
2574 1870 2805 1940 neque
2856 1872 3089 1941 porro,

981 1962 1385 2038 recentibus
1443 1961 1679 2032 adhuc
1695 1961 1966 2047 .·factiS,
2019 1983 2108 2032 ea
2161 1961 2469 2033 libenter
2525 1962 2701 2057 fingi
2750 1963 3091 2056 patimur,

982 2079 1240 2173 quibus
1292 2076 1554 2149 veritas
1618 2075 1797 2168 ipsa,
1848 2076 1908 2147 si
1967 2074 2044 2146 in
2097 2099 2383 2147 scenam
2432 2078 2800 2169 prodierit,
2852 2104 3093 2152 carere

985 2194 1258 2288 nequit.

1089 2308 1396 2379 Habetis
1440 2329 1634 2401 ergo,
1668 2306 2109 2393 Academici,
2144 2331 2309 2401 quae
2356 2307 2445 2379 de
2480 2321 2908 2404 argumento
2942 2283 3125 2382 car--

987 2423 1199 2495 minis
1248 2420 1691 2514 providenda
1738 2422 2095 2506 duxerim,
2132 2446 2276 2515 quo
2323 2424 2600 2495 facilior
2650 2426 2742 2496 ad
2793 2427 3095 2499 affectus

984 2535 1288 2632 legentis
1321 2537 1870 2609 commovendos
1904 2523 2302 2609 strueretur
2335 2538 2471 2610 via.
2567 2540 2755 2610 Cum
2789 2564 2959 2612 vero
2992 2543 3100 2613 ita

987 2652 1082 2723 sit
1115 2650 1612 2732 constitutum,
1657 2662 1742 2722 ut
1789 2652 1879 2723 de
1930 2654 2304 2725 hominum
2353 2654 2661 2726 fortunis
2711 2656 2832 2751 agi
2891 2681 3099 2749 opor-

987 2777 1164 2854 teat,
1206 2766 1332 2861 qui
1381 2775 1506 2838 aut
1554 2766 1649 2838 ad
1693 2779 1974 2842 nosmet
1995 2769 2209 2862 ipsos
2250 2770 2489 2864 aliquo
2541 2771 2881 2844 consortii
2926 2774 3099 2868 jure

988 2885 1418 2979 pertineant,
1487 2893 1614 2954 aut
1681 2907 1858 2977 quos
1924 2888 2076 2980 jam
2148 2886 2489 2957 admirari
2554 2888 3095 2972 consuevimus;

988 3000 1400 3095 proximum
1446 2998 1584 3071 erit
1619 2998 1883 3084 videre,
1918 3003 2162 3094 quales
2212 2999 2538 3073 moribus
2585 3027 2738 3074 esse
2787 3004 3100 3078 debeant

990 3139 1295 3209 quorum
1327 3116 1569 3188 fabula
1601 3126 1954 3188 narretur.
2059 3117 2223 3198 Quo
2255 3129 2545 3209 peracto
2579 3119 2826 3191 statim
2862 3121 2958 3191 ad
2992 3144 3101 3192 se.-

991 3232 1308 3303 cundum
1342 3234 1558 3329 hujus
1589 3232 1814 3325 partis
1848 3241 2064 3325 caput
2099 3234 2619 3307 transeundum
2653 3233 2811 3305 erit.

3349 1067 3358 1084 ·-
3339 845 3370 1036 ’ΝΜ-,θ’
