3559 5575
471 72 535 141 ιον
816 62 937 128 rans
961 35 1187 127 sncunoi
1297 58 1411 122 rasa.
1428 56 1542 122 xrv.

471 242 543 315 rari
554 242 696 337 jubent,
713 238 910 330 prudenter
927 236 965 306 id
981 233 1127 328 quidem
1143 241 1293 303 cautum
1309 230 1420 301 fuisse
1437 231 1544 301 arbi·

470 368 558 438 tror,
574 368 612 427 et
629 353 677 424 ad
693 374 835 423 sensum
854 371 1081 422 communem
1099 345 1423 418 accommodatum.
1472 345 1543 417 Ita

471 470 568 543 enim
585 478 716 539 natura
733 464 931 558 comparati
947 464 1124 547 videmur,
1141 460 1290 554 utquid
1310 470 1422 555 agant
1439 459 1543 553 pati-

471 596 650 678 anturque
682 580 845 652 homines
880 599 1021 651 summo
1049 578 1086 648 in
1117 579 1196 647 loco
1225 575 1334 667 positi
1363 598 1540 646 curemus

472 699 599 782 acrius,
617 720 726 791 quam
751 695 880 790 quibus
907 694 1055 788 aequalis
1080 693 1127 763 sit
1151 691 1336 762 nobiscum
1362 714 1450 771 sors,
1466 702 1540 761 aut

473 826 568 887 sorte
584 824 708 886 nostra
724 809 903 882 humilior.

647 926 743 989 Κοννόν
756 922 811 987 τὸἴ
827 922 901 1007 ἄχος
915 924 987 986 πᾶον
1001 919 1130 995 πολίταις

642 1025 751 1089 Ἦλθεν
765 1024 903 1097 ἀέλπτως

648 1132 773 1191 Πολλῶν
787 1124 911 1213 δακρύων
925 1122 1007 1187 ἴοταν
1019 1122 1146 1197 πίτυλος.

647 1234 712 1293 Τῶν
725 1230 785 1315 γὰρ
799 1226 937 1312 μεγάλων
950 1226 1115 1303 ἂξιοπννθεῖς

647 1332 746 1410 Φῆμαν
760 1332 872 1409 μᾶλλον
887 1326 1069 1410 κατέχουσιν.
1172 1325 1261 1389 Eun.
1277 1326 1377 1389 Hrrr.
1388 1324 1489 1391 1462.

526 1434 654 1525 Neque
670 1432 771 1503 abest
788 1431 834 1501 ab
850 1432 918 1501 hac
938 1428 1119 1501 sententia
1134 1428 1313 1524 judicium
1337 1429 1533 1501 Ciceronis.

476 1556 500 1593 ‘⁴
516 1548 598 1620 Viri
614 1570 710 1639 saepe
727 1540 960 1616 excellent&
980 1545 1116 1639 (inquit
1131 1545 1192 1616 ille
1209 1544 1407 1616 Lucoeium
1425 1548 1536 1617 rebe·

477 1673 616 1735 menter
636 1684 775 1756 rogans,
794 1670 835 1731 ut
852 1661 1059 1731 consulatus
1082 1659 1138 1731 sui
1163 1659 1349 1732 historiam
1374 1682 1536 1731 summo-

476 1798 561 1871 pere
583 1778 701 1869 ornet)
720 1785 741 1816 ‘⁶
755 1773 929 1867 ancipites
947 1772 1107 1867 variique
1132 1798 1235 1845 casus
1261 1776 1395 1845 habent
1417 1771 1535 1843 admi-

477 1900 501 1935 “
517 1892 706 1975 rationem,
748 1889 1048 1983 expectationem,
1093 1890 1273 1974 laetitiam,
1318 1888 1534 1970 molestiam,

478 2016 500 2051 ‘⁶
518 2032 628 2101 spem,
645 2007 832 2078 timorem:
860 2004 993 2076 sivero
1016 2006 1117 2077 exitu
1140 2007 1289 2078 notabili
1313 2006 1535 2077 concludun-

477 2130 501 2167 “
518 2134 589 2207 tur,
606 2123 773 2215 expletur
790 2120 931 2191 animus
949 2120 1212 2215 jucundissima
1227 2121 1390 2194 lectionis
1409 2122 1534 2214 volup-

478 2244 501 2278 r
518 2238 625 2307 tate?
675 2232 757 2331 Ep.
774 2235 820 2307 v.
836 2239 895 2305 12.

528 2350 649 2431 Quare
681 2352 749 2421 hoc
782 2359 1002 2441 praeceptum
1035 2373 1057 2419 a
1084 2350 1280 2444 Tragoedia
1307 2351 1354 2420 ad
1383 2362 1532 2421 caeteras

479 2488 602 2535 omnes
618 2475 824 2556 poematum
841 2465 974 2536 formas
997 2466 1191 2537 transferre
1212 2465 1401 2558 oportebit,
1419 2466 1533 2538 sicubi

479 2602 553 2651 una
568 2579 606 2649 in
624 2603 663 2651 re
679 2581 848 2651 lectorem
865 2578 927 2650 diu
945 2580 1100 2651 retinere
1117 2580 1204 2651 velit
1220 2581 1381 2673 scriptor.

531 2759 675 2831 Interea
691 2759 736 2831 de
752 2754 917 2830 moribus
932 2782 1015 2854 quae
1032 2771 1209 2848 statuunt,
1220 2785 1267 2834 ne
1285 2762 1392 2834 nimis
1408 2762 1532 2834 sintin

481 2875 689 2947 ulterutram
724 2885 863 2968 partem
897 2877 1082 2968 proclives,
1112 2900 1272 2973 pugnare
1307 2879 1532 2972 aliquantum

480 2989 595 3062 videri
611 2990 748 3082 possint
761 3013 843 3061 cum
856 2989 900 3059 iis
918 3012 999 3082 quae
1016 2989 1062 3060 de
1078 3014 1310 3082 personarum
1328 2991 1533 3063 conditione

481 3117 566 3179 sunt
582 3107 689 3179 dicta.
740 3106 862 3188 Quum
880 3105 977 3176 enim
994 3105 1195 3198 principum
1216 3106 1369 3178 fortunis
1392 3130 1458 3178 nos
1474 3131 1534 3178 ve·

481 3222 685 3294 hementius
718 3221 935 3292 commoveri
968 3219 1016 3292 sit
1048 3223 1219 3313 positum,
1251 3245 1359 3315 quam
1397 3223 1534 3293 medio·

482 3337 596 3408 cn'um
626 3345 664 3406 ct
688 3336 801 3407 nostri
831 3336 1013 3419 similium,
1039 3360 1135 3407 nunc
1160 3338 1335 3431 ejusmodi
1361 3337 1535 3410 virtutem

482 3451 692 3545 effingamus
717 3449 923 3534 admonent,
941 3474 1022 3544 quae
1047 3453 1155 3523 medii
1173 3464 1322 3525 vocatur
1340 3455 1483 3549 generis
1498 3465 1536 3527 et

482 3565 611 3639 avitae
636 3565 893 3637 consuetudine
918 3566 1037 3639 minus
1062 3569 1239 3642 abhorret.
1291 3570 1536 3642 Nihilominus

482 3693 603 3756 tumen
630 3681 714 3751 huic
739 3681 848 3752 etiam
874 3693 1066 3776 praecepto,
1084 3684 1177 3755 sicut
1197 3685 1301 3756 alteri
1323 3685 1387 3769 illi,
1404 3687 1537 3758 verita·
1663 3762 1664 3765 ,

482 3810 556 3872 tem
583 3797 771 3892 suffragari
795 3807 905 3889 puto:
931 3798 1028 3892 quod
1045 3799 1076 3869 si
1092 3799 1143 3871 ita
1160 3801 1281 3884 fuerit,
1298 3800 1432 3897 injuste
1449 3825 1536 3874 sane
1663 3870 1664 3883 ,

483 3913 691 3997 occurritur,
708 3937 751 3984 ea
767 3937 815 3984 ex
832 3913 980 3986 diversis
996 3914 1072 4005 peti
1090 3915 1272 4008 principiis
1286 3916 1409 3989 videri.
1437 3917 1535 3988 Nam
