3559 5575
910 69 1042 139 390
1621 63 1865 128 PARS
1913 62 2291 127 TERTIA
2511 61 2745 127 PML.
2775 63 3030 127 XXX.

909 249 1165 336 pergat
1188 258 1475 311 necesse
1498 246 1609 307 est
1632 261 1649 318 3
1686 259 1920 332 neque
1944 258 2112 307 eum
2140 235 2281 306 alio
2313 233 2581 307 diverti
2612 244 2744 307 aut
2769 237 3031 329 pedem

909 356 1177 427 referre
1200 349 1356 448 jam
1390 350 1655 423 licebit.

1016 470 1230 541 Hanc
1261 469 1507 560 itaque
1541 468 1633 537 ob
1658 489 1950 537 causam
1979 464 2235 537 merito
2261 464 2591 557 Drydeni
2623 466 2853 536 nostri
2887 488 3033 537 non

907 586 1135 657 illaesa
1168 594 1279 655 est
1311 583 1526 665 fama,
1557 580 1721 652 cum
1756 582 1833 651 iu
1869 581 2133 663 fabula,
2161 579 2254 650 ad
2279 580 2673 675 Allegoriae
2702 604 3032 652 normam

911 699 1122 770 unice
1181 697 1597 789 composita,
1659 697 2007 768 Ecclesiae
2075 698 2230 767 loco
2294 693 2324 737 ‘¹
2362 696 2668 768 Cervam
2736 697 3036 768 adhibet

911 816 1134 886 saltus
1168 827 1244 884 et
1277 837 1540 905 pascua
1574 823 2357 906 peragrantem—mox
2408 823 2653 884 autem
2703 813 3035 908 figmenti

914 929 1199 1014 oblitus„
1224 930 1465 1016 libroS‚
1491 946 1854 1021 praecepta
1882 939 1959 1000 et
1984 928 2446 999 caeremouias
2474 929 2840 1023 religionis
2865 928 3035 1000 huic

914 1044 1086 1116 ferae
1133 1044 1646 1117 tribuit—tum
1680 1043 1875 1137 quod
1908 1043 2297 1135 pessimum
2332 1052 2466 1129 est,
2499 1053 2881 1135 postquam
2934 1043 3035 1113 sic

914 1159 993 1231 in
1030 1160 1351 1232 veritatis
1397 1161 1558 1232 luce
1608 1160 1971 1253 patefacta
2020 1182 2132 1229 res
2179 1169 2312 1245 est,
2343 1157 2609 1229 iterum
2646 1159 2740 1229 ad
2773 1159 3034 1250 sylvas,

913 1276 1121 1369 quasi
1153 1275 1374 1348 versis
1408 1275 1679 1358 aulaei3‚
1710 1277 2052 1346 lectorem
2085 1273 2418 1345 remittit.
2520 1272 2756 1366 Atqui
2787 1272 2866 1344 in
2901 1272 3034 1343 tali

916 1412 998 1461 re
1042 1401 1170 1462 aut
1212 1393 1345 1462 bac
1390 1401 1518 1461 aut
1557 1390 1721 1461 illac
1765 1400 1957 1462 stare
2001 1389 2295 1460 omnino
2352 1388 2696 1484 cogimur.
2801 1389 3037 1459 Medii

916 1502 1097 1573 nihil
1122 1516 1233 1574 est
1253 1514 1326 1575 et
1346 1504 1609 1599 integri
1636 1505 1788 1575 soli.
1842 1505 2101 1597 Neque
2126 1504 2321 1575 enim
2349 1527 2560 1596 aequo
2594 1502 2754 1597 quis
2791 1504 3033 1575 animo

918 1628 1286 1710 pateretur
1331 1618 1774 1702 histrionem,
1817 1643 2010 1691 nunc
2056 1622 2276 1691 heroa
2325 1620 2640 1714 aliquem
2691 1620 2768 1690 in
2819 1642 3034 1690 scena

917 1745 1276 1828 agentem,
1310 1758 1526 1821 nunc,
1562 1735 1889 1826 deposita
1938 1758 2067 1826 pro
2118 1735 2413 1807 arbitrio
2464 1759 2790 1828 persona,
2823 1759 3034 1806 voces

917 1872 1002 1921 ac
1036 1849 1426 1922 sententias
1459 1850 1554 1921 ad
1584 1875 1659 1922 se
1693 1851 1929 1942 ipsum
1965 1852 2408 1944 pertinentes
2443 1853 2890 1922 efferentem.

1019 1963 1437 2046 Quinetiam
1495 1964 1572 2035 iu
1624 1965 1825 2037 omni
1873 1976 2288 2058 poematum
2339 1989 2604 2060 genere
2653 1966 2732 2036 id
2785 1965 3034 2036 sedulo

918 2080 1342 2164 curandum,
1381 2105 1475 2152 ne
1523 2105 1637 2152 res
1687 2081 1878 2174 ipsas
1929 2105 2094 2153 cum
2146 2081 2542 2152 simulacris
2591 2104 2833 2151 rerum
2887 2103 3036 2151 una

917 2194 1482 2265 confundamus:
1536 2219 1627 2266 ne
1662 2180 1875 2267 sicui
1907 2196 2033 2280 rei,
2069 2196 2481 2291 argumenti
2513 2219 2750 2278 causa,
2776 2218 3036 2286 corpus

912 2308 1225 2379 solidum
1272 2321 1347 2381 et
1392 2313 1585 2382 color
1636 2311 1731 2382 sit
1778 2312 2013 2395 datuS,
2049 2313 2299 2383 eadem
2347 2336 2476 2382 sua
2528 2334 2700 2382 mox
2751 2321 3036 2397 natura,

918 2423 1124 2516 quasi
1167 2447 1281 2494 res
1327 2425 1644 2496 sensibus
1686 2428 2069 2511 abstracta,
2106 2428 2330 2499 menti
2367 2438 2715 2499 occurrat.
2819 2426 3038 2508 Quod

919 2536 981 2607 si
1038 2539 1272 2629 palam
1319 2549 1392 2608 et
1444 2540 1905 2631 impudenter
1955 2542 2050 2613 sit
2098 2542 2394 2626 factum,
2444 2541 3039 2635 inconsequentia

919 2675 1159 2723 rerum
1193 2654 1405 2744 plane
1440 2654 1834 2727 foedissima
1866 2668 1976 2729 est
2001 2658 2352 2729 habenda.
2421 2657 2773 2730 Attamen
2802 2658 3039 2728 maxi-

924 2793 1075 2839 mos
1110 2768 1485 2862 scriptores
1519 2795 2039 2866 nonnunquam
2073 2776 2208 2845 hac
2253 2774 2329 2844 in
2378 2785 2583 2866 parte
2627 2773 2773 2846 labi
2818 2775 3039 2847 confi-

921 2886 1222 2957 tendum
1264 2897 1414 2968 est3
1466 2911 1698 2980 neque
1750 2913 1920 2960 sane
1971 2891 2302 2962 cautione
2353 2890 2594 2983 aliqua
2643 2914 2823 2983 opus
2883 2915 3038 2962 esse

922 3001 1081 3094 quis
1134 3012 1370 3097 neget,
1403 3002 1464 3074 si
1497 3003 1803 3099 Virgilio
1843 3006 2291 3099 Horatioque
2324 3006 2547 3078 istum
2583 3030 2901 3079 errorem
2941 3008 3041 3078 ir-

921 3117 1222 3208 repsisse
1254 3119 1657 3213 contigerit.

1024 3229 1356 3304 Profecto
1390 3234 1465 3303 in
1504 3236 1754 3305 Famae
1796 3234 1988 3305 illius
2032 3234 2531 3326 descriptione,
2563 3234 2747 3306 nihil
2797 3257 3040 3305 moror

928 3346 1225 3415 monstri
1292 3349 1598 3440 speciem
1653 3350 1779 3421 vix
1838 3350 2078 3422 animo
2137 3351 2559 3443 capiendam
2618 3333 2806 3444 quae,
2858 3359 3039 3443 quot

926 3461 1203 3550 plumas
1270 3472 1382 3533 tot
1439 3460 1686 3534 oculos
1741 3462 2000 3536 subter
2039 3460 2349 3560 plumae
2409 3462 2689 3536 habeat
2745 3462 3039 3559 vigiles,

926 3574 1226 3647 totidem
1289 3576 1572 3672 linguas
1630 3592 1705 3653 et
1766 3582 2296 3653 aures—etiam
2350 3591 2395 3624 ‘⁶
2421 3582 2820 3655 mobilitate
2873 3606 3041 3653 eam

926 3700 970 3733 ‘⁶
1004 3689 1245 3787 vigere
1278 3703 1355 3765 et
1383 3695 1568 3767 vires
1603 3697 1841 3770 eundo
1875 3697 2284 3792 acquirere”
2310 3721 2354 3769 a
2377 3694 2802 3791 singularis
2835 3720 3043 3770 mon-

1133 3938 1157 3975 ὁ
1193 3938 1323 3998 vid.
1354 3939 1628 3999 Fabulam
1658 3961 1787 4019 quae
1815 3941 2138 4002 inscribitur
2167 3951 2204 3977 ‘⁸
2224 3942 2390 4002 Hind
2420 3943 2532 4002 and
2562 3942 2866 4003 Pantber.''
