3559 5575
470 547 524 610 to
849 541 971 608 PARS
994 540 1153 609 PRIMA
1334 541 1464 612 ‚Parem
1479 540 1537 607 IV.

480 729 620 814 partem
637 717 733 791 trahi
748 728 904 810 possent.
947 715 1026 787 Nos
1043 738 1157 786 unum
1174 724 1240 787 aut
1256 716 1410 788 alterum
1427 717 1539 810 inspi-

479 838 627 921 ciamus,
644 835 682 904 in
700 857 743 905 ea
759 832 994 925 potissimum·
1005 856 1044 903 re
1065 855 1175 926 quam
1198 854 1340 925 semper
1362 834 1537 906 affectant

481 955 588 1049 hujus
605 949 739 1024 ordinis
757 950 894 1036 Poetae,
910 948 1042 1020 arnoeni
1059 947 1152 1019 ruris
1169 947 1419 1040 descriptione.

532 1070 604 1140 Per
633 1067 816 1162 octoginta
835 1077 958 1138 versus
985 1065 1024 1136 in
1051 1065 1159 1136 antici
1178 1065 1287 1136 Villae
1312 1066 1535 1138 Surrentinae

479 1184 646 1256 laudibus
672 1192 868 1275 occupatur
889 1183 1049 1254 Statius:
1079 1183 1241 1274 pulchrae
1263 1180 1307 1252 iis
1330 1182 1428 1253 haud
1450 1205 1536 1254 sane

481 1299 612 1373 desunt
628 1291 815 1394 imagines,
833 1299 897 1370 sed
914 1322 1065 1370 numero
1081 1295 1287 1370 distrahunt
1303 1301 1536 1371 conturbant-

481 1421 553 1513 que'
562 1417 734 1500 animum,
748 1439 865 1509 neque
876 1415 931 1487 ita
941 1414 1039 1486 inter
1051 1438 1089 1485 se
1101 1423 1233 1486 coeunt
1243 1423 1285 1486 ut
1296 1437 1410 1486 unum
1422 1414 1536 1508 quod-

481 1533 566 1605 dam
583 1542 621 1605 et
638 1532 792 1625 simplex
809 1528 994 1602 efficiatur.

718 1774 722 1782 Ι
869 1692 932 1757 Vix
946 1689 1056 1756 ordine
1070 1689 1166 1778 longo

568 1797 726 1863 Suffecere
740 1796 840 1862 oculi:
865 1795 930 1874 vix,
946 1795 1025 1859 dum
1038 1817 1096 1881 per
1110 1793 1235 1882 singula
1248 1793 1359 1874 duoor,

568 1899 726 1963 Suffeoere
738 1898 869 1986 gradus.
914 1900 995 1975 Quae
1010 1919 1117 1961 rerum
1132 1895 1245 1961 turba!
1269 1896 1370 1960 locine

568 1997 748 2086 Ingenium,
764 1997 805 2064 an
820 1998 940 2064 domini
954 1999 1049 2063 mirer
1063 1999 1174 2087 prius?
1198 1999 1266 2064 haeo
1280 1998 1394 2063 domus
1408 2012 1496 2064 ortus

567 2101 703 2189 Aspicit,
718 2117 750 2168 et
765 2102 880 2168 Phoebi
895 2117 1038 2168 tenerum
1048 2103 1165 2190 jubar3
1189 2101 1244 2167 illa
1257 2102 1421 2168 uadentem

566 2203 707 2269 Detinet.
1081 2205 1187 2270 Sana.
1204 2206 1304 2272 Sans.
1322 2206 1374 2270 11.
1389 2208 1419 2269 Q.
1435 2207 1486 2269 42.

478 2360 516 2423 et
533 2373 629 2436 mox,

565 2491 649 2555 Haec
663 2488 768 2577 pelagi
781 2490 916 2556 clamore
929 2491 1089 2564 fremunt3
1113 2489 1182 2553 hoec
1196 2501 1279 2554 tecta
1290 2511 1421 2553 sonoros

566 2594 721 2680 Ignorant
731 2591 857 2673 fluctus,
874 2607 1029 2680 terraeque
1044 2590 1166 2656 silentia
1179 2589 1313 2655 malunt.

532 2771 537 2778 ι
565 2796 663 2861 Mons
676 2810 743 2861 erat
757 2796 808 2861 hic
823 2796 879 2861 ubi
893 2796 988 2884 plana
1005 2796 1098 2861 vides.
1116 2796 1184 2861 haeo
1198 2795 1298 2860 lustra
1311 2796 1453 2875 fuerunt,

564 2898 645 2976 Quae
660 2920 744 2965 nuno
759 2910 840 2963 tecta
854 2897 949 2962 subis.

476 3052 559 3135 Quo
576 3050 687 3122 etiam
704 3051 810 3122 modo
827 3053 1009 3148 regionem
1032 3077 1176 3126 omnem
1199 3064 1370 3147 pererrat.
1420 3052 1530 3125 Atta-

476 3190 559 3238 men
578 3190 623 3238 ne
641 3158 691 3239 sic
702 3158 852 3262 'quidem
874 3168 942 3241 sibi
957 3169 1100 3242 videtur
1122 3180 1335 3266 argumento
1360 3179 1424 3241 aut
1440 3169 1530 3239 ami·

476 3283 573 3354 citiae
590 3308 665 3355 suae
681 3276 768 3358 satis
784 3278 929 3368 fecisse;
956 3288 1074 3359 media
1090 3287 1186 3359 enim
1202 3287 1299 3359 inter
1315 3286 1475 3359 carmina
1489 3286 1529 3357 in

476 3402 555 3472 haec
572 3402 784 3497 prorumpit.
1143 3408 1147 3414 ”

562 3540 636 3606 Non
651 3539 728 3605 mihi
743 3538 769 3605 si
782 3553 912 3605 cunctos
927 3539 1064 3605 Helicon
1078 3540 1241 3629 indulgeat
1255 3563 1373 3621 amnes,

563 3746 751 3809 Innumeras
767 3743 886 3809 valeam
900 3745 1028 3833 species,
1043 3745 1211 3832 cultusque
1225 3744 1369 3810 looorum

563 3846 675 3910 Pieriis
689 3868 815 3933 sequare
828 3846 939 3911 modis.

475 3972 571 4045 Mihi
587 3974 745 4066 profecto
762 3976 841 4067 plus
859 3974 975 4048 Musis
991 3978 1154 4050 debuisse
1169 3978 1266 4050 visus
1282 3988 1376 4051 esset
1393 3980 1424 4051 si
1439 4004 1529 4074 pau-

475 4089 571 4160 ciora
588 4090 858 4164 dinumerasset.

526 4204 611 4277 Pari
642 4208 714 4279 fere
739 4208 884 4281 licentia
911 4212 1070 4282 exsultat
1094 4210 1324 4295 Claudianus,
1347 4213 1411 4306 qui
1435 4236 1529 4282 nun·

474 4344 582 4417 quam
613 4324 680 4394 sibi
704 4326 818 4421 magis
840 4327 969 4418 placet,
992 4350 1100 4419 quam
1126 4352 1209 4400 cum
1235 4329 1411 4422 pictorem
1438 4329 1525 4424 agit.

473 4439 591 4513 Locus
610 4436 665 4514 est
681 4440 718 4512 in
738 4444 892 4517 secundo
909 4443 955 4514 de
971 4453 1078 4536 raptu
1096 4444 1321 4539 Proserpinae
1344 4443 1447 4531 libro,
1464 4443 1528 4539 qui
