3559 5575
931 103 1065 169 860
1643 102 1886 166 PARS
1933 100 2314 166 TERTIA
2443 103 2674 165 Pam..
2704 99 3071 166 xxvln.

933 301 1113 372 quas
1166 277 1411 349 colunt
1464 275 1790 361 numina,
1838 283 1967 346 aut
2018 273 2309 369 aliquod
2359 273 2600 345 forsan
2645 273 3072 347 viventium

933 418 1162 488 genus
1195 395 1286 464 ab
1317 391 1602 463 usitatis
1642 403 1719 463 et
1751 391 2192 486 quotidianis
2235 390 2770 484 quodammodo
2817 390 3076 462 diver-

936 534 1117 581 sum.

1111 656 1296 718 Rura
1323 652 1500 731 mihi,
1531 671 1596 717 et
1625 652 1793 739 rigui
1822 651 2112 740 placeant
2141 651 2206 715 in
2236 650 2508 717 vallibus
2534 674 2771 732 amnes,

1111 757 1412 822 Flumina
1438 779 1643 821 amem
1673 755 1986 842 silvasque
2013 755 2337 842 inglorius.
2428 757 2487 819 O
2520 755 2628 820 ubi
2657 755 2890 844 campi,

1114 860 1605 946 Sperchiusque,
1634 873 1696 922 et
1730 858 2082 944 virginibus
2110 857 2413 922 bacchata
2442 857 2735 923 Lacaenis

1108 963 1434 1049 Taygeta!
1477 963 1535 1025 Ο
1566 960 1677 1047 qui
1708 982 1812 1024 me
1838 958 2064 1046 gelidis
2090 958 2156 1022 in
2187 958 2457 1024 vallibus
2486 959 2706 1024 Haemi

1117 1065 1332 1143 Sistat,
1362 1079 1427 1129 et
1454 1062 1694 1151 ingenti
1723 1083 2045 1126 ramorum
2069 1076 2364 1150 protegat
2395 1062 2656 1127 umbra!

2374 1166 2648 1229 Gnoso.
2681 1165 2781 1229 11.
2816 1167 2975 1229 485.

941 1322 1107 1393 Non
1157 1324 1483 1392 umbram
1530 1319 1799 1390 scilicet
1834 1318 2169 1411 cupiebat
2202 1319 2554 1417 Virgilius
2597 1330 2684 1391 ut
2732 1320 2899 1391 solis
2948 1344 3063 1391 ar-

937 1437 1186 1508 dorem
1223 1436 1660 1518 defenderet,
1694 1458 1837 1505 non
1870 1435 2060 1505 rivos
2095 1445 2180 1506 ut
2215 1434 2411 1506 sitim
2446 1436 2771 1517 sedaret;
2814 1436 2946 1507 sed
2977 1437 3063 1506 li-

939 1554 1190 1624 berum
1237 1576 1280 1621 a
1315 1551 1487 1621 vitae
1524 1551 2044 1622 consuetudine
2081 1562 2624 1622 recessum—ut
2657 1550 3060 1624 simulacris

938 1692 1180 1740 rerum
1213 1691 1342 1759 pro
1376 1668 1587 1738 rebus
1621 1665 1795 1758 ipsis
1826 1667 2374 1739 frueretur—ut
2399 1691 2565 1760 quae
2593 1670 2809 1739 vellet
2834 1669 3062 1764 finge-

939 1796 1073 1869 ret,
1100 1808 1241 1855 non
1272 1807 1436 1877 quae
1470 1784 1694 1854 oculis
1728 1783 2166 1878 objiciuntur
2198 1785 2596 1856 necessario
2632 1796 3060 1856 uteretur-

942 1913 1048 1984 ut,
1083 1924 1250 1994 quae
1286 1922 1530 1970 revera
1563 1905 1742 1968 sunt
1772 1898 2089 1982 remotis,
2126 1923 2291 1992 quae
2336 1897 2634 1995 possint
2674 1922 2837 1971 esse
2884 1900 3060 1971 faci·

943 2016 1081 2087 lius
1107 2015 1553 2106 conciperet3
1589 2022 1664 2085 et
1692 2038 2027 2085 sensuum
2065 2039 2199 2085 usu
2234 2015 2595 2108 paulisper
2626 2015 3059 2098 intermisso,

944 2133 1294 2228 imagines
1326 2131 1523 2202 intus
1558 2129 1963 2201 effunderet
1997 2130 2371 2223 copiosius.

1046 2248 1293 2317 Prima
1342 2246 1567 2340 igitur
1616 2248 1915 2340 hujusce
1959 2247 2325 2318 facultatis
2376 2248 2532 2318 laus
2578 2258 2710 2329 est,
2744 2258 2830 2319 ut
2864 2248 3060 2340 apud

945 2386 1190 2434 omnes
1241 2374 1566 2434 constare
1613 2362 1843 2445 video,
1891 2362 1953 2433 si
2004 2363 2349 2434 miracula
2397 2387 2661 2446 rerum,
2709 2375 3060 2458 tanquam

945 2477 1355 2572 ingeniosus
1401 2479 1669 2570 opifeX‚
1705 2480 2004 2550 solerter
2037 2479 2304 2574 fingat:
2358 2480 2419 2549 si
2453 2488 2497 2521 ‘⁶
2519 2479 2735 2566 Deos,
2768 2503 3063 2571 pueros-

946 2604 992 2636 “
1026 2616 1165 2686 que
1199 2594 1582 2677 Deorum‚”
1616 2593 1678 2664 si
1710 2594 2123 2677 DaemonaS,
2158 2606 2234 2666 et
2274 2617 2440 2687 quae
2486 2606 2806 2666 monstra
2851 2606 3065 2667 natu·

947 2732 1102 2780 ram
1137 2721 1212 2780 et
1246 2721 1510 2782 sortem
1546 2723 1981 2803 exsuperent
2015 2713 2406 2782 humanam
2451 2711 2758 2793 feliciter
2808 2713 3064 2783 adum·

946 2824 1146 2895 bret:
1183 2825 1376 2896 unde
1410 2837 1485 2897 et
1510 2850 1639 2897 nos
1675 2837 1719 2868 ‘⁴
1741 2838 1954 2897 extra
1985 2826 2435 2897 flammantia
2468 2826 2734 2897 moenia
2770 2827 3064 2898 mundi”

949 2937 1118 3010 ferri
1153 2939 1501 3023 videmur,
1537 2952 1611 3012 et
1644 2942 1739 3012 ad
1782 2942 2125 3035 majorem
2168 2964 2409 3011 rerum
2456 2940 2782 3013 ordinem
2830 2964 3068 3014 assur-

951 3077 1144 3150 gere.

1050 3172 1157 3243 Ut
1191 3197 1360 3245 vero
1404 3173 1752 3269 imagines
1803 3173 1978 3245 istas
2024 3183 2558 3266 praetereamus,
2591 3172 2847 3266 quibus
2882 3196 3067 3244 non-

950 3288 1130 3358 nulli
1184 3291 1496 3383 supremi
1546 3290 1863 3361 numinis
1915 3292 2365 3385 majestatem
2415 3289 2884 3383 significatam
2937 3311 3066 3361 vo-

953 3403 1172 3491 luere,
1218 3407 1464 3498 (quam
1499 3407 1792 3500 quidem
1829 3408 2282 3501 majestatem
2317 3405 2574 3476 melius
2618 3403 2799 3476 sacri
2843 3405 3066 3498 scrip-

954 3528 1143 3594 tores
1177 3522 1487 3592 tenebris
1522 3531 1596 3594 et
1623 3522 1847 3615 spissa
1873 3521 2178 3616 caligine
2205 3520 2463 3593 obduci
2489 3521 2748 3611 aiunt,)
2774 3521 3065 3616 egregia

955 3645 1148 3707 certe
1180 3636 1383 3708 nobis
1418 3649 1692 3709 veteres
1726 3640 2058 3730 exempla
2092 3638 2401 3721 edidere,
2435 3637 2715 3729 quoties
2750 3638 3066 3731 aliquem

957 3778 1051 3827 ex
1078 3754 1313 3826 medio
1337 3779 1599 3849 genere
1626 3755 1981 3828 Divorum
2008 3758 2219 3826 rebus
2245 3779 2410 3849 quae
2433 3768 2821 3827 narrantur
2843 3755 3070 3828 inter-

957 3892 1107 3941 esse
1143 3870 1546 3966 contigerit,
1581 3882 1655 3942 et
1689 3870 1761 3942 in
1801 3882 2182 3963 conspectu
2221 3893 2460 3942 coram
2495 3870 2788 3941 moveri.
2878 3872 3069 3953 Quae

958 3984 1246 4077 quidem
1282 4010 1395 4059 res
1420 3988 1777 4080 praecipue
1803 3987 1879 4057 in
1908 3987 2259 4059 rationem
2284 3987 2460 4058 artis
2485 3986 2704 4074 cadit,
2723 3986 3066 4079 quoniam

3311 290 3332 377 'l
