3559 5575
939 106 1063 177 196
1610 82 1879 166 ‘PARS
1928 102 2093 164 sEc
2106 100 2370 164 UNDA
2592 103 2823 167 Pam.
2850 105 3047 170 xlv.

934 278 1114 349 illud
1147 277 1238 350 de
1271 299 1415 371 quo
1449 276 1796 368 disputat,
1826 274 2053 370 magis
2086 274 2425 367 pertinet,
2450 296 2670 369 quam
2706 278 2801 347 ad
2835 279 3047 350 affec-

935 405 1143 466 tuum
1181 403 1418 463 motus
1452 414 1705 487 graves
1739 400 1816 463 et
1849 391 2289 483 perturbatae
2321 391 2583 462 mentis
2616 391 2953 486 impetus.

1035 507 1455 591 Quinetiam
1492 515 1809 578 mentem
1855 505 2146 577 omnino
2179 505 2373 577 vitiis
2416 505 2893 599 inquinatam,
2926 511 3045 582 cui

935 627 1162 696 scelus
1198 648 1326 715 per
1359 647 1434 694 se
1468 622 1676 693 dulce
1711 622 1805 693 sit
1838 631 1913 692 et
1935 622 2366 717 jucundum,
2394 632 2738 716 tanquam
2776 624 3047 695 foedum

935 750 1010 811 et
1044 749 1257 811 atrox
1291 738 1776 831 spectaculum
1816 758 2267 807 aversamur:
2320 759 2555 829 neque
2590 737 2652 808 si
2690 738 2766 807 in
2812 739 2890 809 id
2935 764 3048 812 re-

937 856 1204 948 spicere
1239 855 1458 925 semel
1496 852 1738 934 libeat,
1776 875 1977 922 mens
2026 850 2157 921 tali
2201 862 2521 923 monstro
2570 852 2919 925 intuendo
2970 879 3046 927 se

937 969 1271 1041 delectari
1309 969 1607 1061 patitur.
1709 967 2076 1058 Exempla
2105 966 2376 1059 aliquot
2398 968 2838 1062 jampridem
2874 979 3046 1041 sunt

938 1088 1250 1158 adducta
1318 1110 1410 1156 ex
1480 1086 1772 1155 Senecae
1834 1083 2096 1153 Medea
2163 1092 2238 1154 et
2296 1081 2866 1177 Agamemnone,
2922 1086 3047 1156 ubi

936 1203 1261 1296 scriptor,
1294 1225 1446 1273 rem
1501 1210 1816 1271 atrocem
1867 1197 2180 1293 augendi
2231 1198 2492 1281 studio,
2528 1199 2741 1269 nimis
2785 1200 2862 1271 in
2910 1203 3048 1273 hoc

938 1319 1197 1389 vitium
1234 1317 1541 1411 migrare
1576 1314 1768 1385 visus
1815 1321 1947 1384 est.
2051 1313 2336 1384 Caetera
2371 1337 2541 1384 vero
2587 1315 2830 1385 omnia
2880 1339 3046 1409 quae

940 1433 1118 1502 mihi
1171 1431 1245 1501 in
1301 1432 1437 1501 hoc
1489 1452 1752 1524 genere
1812 1439 2063 1499 notare
2121 1427 2427 1523 contigit
2486 1430 2696 1524 longe
2755 1443 3047 1523 superat

943 1547 1246 1616 Rufinus
1279 1545 1400 1615 ille
1433 1542 1834 1614 Claudiani.
2029 1546 2036 1552 ’

2236 1659 2284 1720 J
2289 1671 2471 1721 urata
2501 1658 2783 1721 Deorum

1116 1761 1419 1847 Majestas
1448 1759 1706 1824 teritur:
1754 1781 2070 1847 nusquam
2102 1759 2452 1824 reverentia
2480 1782 2733 1825 mensae.

1117 1863 1265 1927 Non
1294 1863 1550 1949 conjux,
1581 1883 1707 1927 non
1739 1861 1873 1948 ipse
1902 1860 2112 1938 simul,
2144 1883 2271 1926 non
2302 1860 2569 1948 pignora
2595 1884 2756 1925 caesa

1117 1962 1451 2028 Sufficiunt
1480 1961 1677 2026 odiis:
1724 1984 1851 2026 non
1881 1961 2251 2048 exstinxisse
2279 1962 2691 2050 propinquos,

1118 2067 1264 2131 Non
1295 2079 1477 2129 notos
1504 2064 1703 2152 egisse
1731 2076 1828 2128 sat
1857 2077 1985 2128 est:
2034 2063 2397 2128 exscindere
2426 2064 2591 2129 cives
2702 2099 2717 2110 κ
3373 2005 3388 2122 i

1118 2167 1462 2245 FundituS,
1493 2179 1557 2230 et
1584 2187 1811 2230 nomen
1840 2164 2048 2252 gentis
2076 2163 2284 2229 delere
2311 2164 2577 2230 laborat.
3374 2143 3388 2262 Ι

1119 2271 1255 2334 Nec
1282 2268 1466 2333 celeri
1497 2268 1692 2333 mittit
1719 2268 1881 2332 leto:
1931 2266 2296 2332 crudelibus
2322 2280 2469 2332 ante

1118 2369 1455 2457 Suppliciis
1480 2369 1750 2435 fruitur:
1799 2369 2137 2449 cruciatuS,
2166 2369 2394 2449 vincla,
2425 2369 2733 2448 tenebra8‚

1117 2472 1336 2537 Dilato
1364 2493 1684 2550 mucrone,
1713 2489 1897 2560 parat
1988 2519 2549 2537 ......

1118 2620 1905 2639 ........
1994 2595 2122 2639 non
2149 2573 2425 2639 flectitur
2456 2575 2670 2639 annis:

1119 2678 1266 2742 Non
1297 2691 1482 2741 aetate
1509 2675 1714 2740 labat:
1754 2677 2068 2763 juvenum
2100 2676 2379 2742 rorantia
2404 2676 2565 2741 colla

1119 2783 1294 2846 Ante
1322 2797 1574 2868 patrum
1605 2777 1823 2845 vultus
1852 2779 2084 2846 strictae
2112 2780 2389 2846 cecidere
2417 2779 2635 2845 securi.
2661 2766 2669 2772 ⁶

2433 2884 2688 2947 Bur-m.
2724 2883 2780 2946 1.
2812 2884 2959 2946 228.

950 2995 1224 3069 Iterum
1260 2997 1333 3068 in
1371 3020 1522 3069 suae
1555 2997 1750 3069 urbis
1792 2996 2159 3068 obsidione
2207 2994 2557 3068 maximas
2603 2994 2868 3067 civium
2918 2993 3059 3064 mi-

948 3112 1163 3184 serias
1197 3111 1618 3204 adspectans
1648 3111 1915 3207 gaudio
1949 3113 2313 3182 exsultare
2347 3108 2631 3180 dicitur.

1121 3241 1376 3305 Vinctas
1402 3240 1494 3305 ire
1522 3264 1743 3319 nuru5‚
1774 3241 1946 3306 hunc
1974 3240 2039 3304 in
2068 3241 2233 3305 vada
2261 3239 2553 3329 proxima
2581 3238 2777 3325 mergi

1122 3341 1528 3420 seminecem,
1557 3343 1728 3407 hunc
1757 3343 1967 3407 subito
1994 3365 2361 3430 percussum
2391 3341 2652 3434 vulnere
2679 3339 2805 3404 labi

1121 3441 1299 3504 Dum
1327 3441 1516 3528 fugit,
1550 3443 1720 3507 hunc
1747 3444 2021 3508 animam
2048 3444 2247 3531 portis
2274 3443 2482 3508 efflare
2510 3442 2630 3508 sub
2658 3442 2831 3531 ipsiS,

1122 3542 1260 3605 Nec
1283 3565 1468 3607 canos
1491 3542 1792 3630 prodesse
1820 3545 1972 3625 seni,
2004 3545 2314 3635 puerique
2341 3569 2565 3610 cruore
3393 3563 3394 3636 ξ

1123 3644 1454 3709 Maternos
1485 3644 1724 3709 undare
1754 3644 1961 3711 sinus:
2009 3649 2319 3712 immensa
2347 3647 2659 3734 voluptas,
3389 3656 3395 3722 λ

1121 3745 1218 3809 Et
1244 3746 1420 3811 risus
1439 3747 1817 3834 plerumque
1843 3749 2035 3813 subit.
2124 3747 2328 3814 Dolor
2355 3748 2544 3813 afficit
2573 3770 2762 3825 unus,

1124 3847 1313 3926 Quod
1342 3847 1526 3913 feriat
1548 3870 1674 3912 non
1704 3848 1839 3936 ipse
1867 3872 2082 3915 manu.
2428 3852 2690 3915 Rorm.
2724 3849 2822 3913 11.
2856 3847 2966 3913 64.

951 3971 1281 4064 Reponet
1313 3970 1612 4043 fortasse
1645 3971 1900 4065 aliquis
1934 3972 2039 4043 ita
2072 3997 2147 4044 se
2180 3996 2333 4045 rem
2368 3974 2581 4066 plane
2621 3970 3061 4042 habuisse—
