3559 5575
948 41 1080 107 344
1630 36 1875 102 PARS
1920 33 2368 100 SECUNDA
2485 33 2710 98 Pam..
2745 33 3096 100 XXVII.

949 238 1116 310 quae
1168 224 1438 297 tamen,
1493 208 1977 281 Iambicorum
2037 230 2235 280 more
2292 229 2439 280 non
2499 206 2813 296 insolito,
2878 208 3095 282 diem

951 329 1124 403 terit
1154 329 1381 402 otiose
1414 325 1597 398 nihil
1630 325 1960 397 dicende.

1037 470 1448 547 Adolescens,
1481 481 1690 532 tamen
1720 466 1839 532 etsi
1866 489 2189 555 properas,
2218 466 2340 531 hoc
2370 480 2435 531 te
2465 488 2690 532 saxum
2718 483 2932 558 rogat,

1040 571 1155 636 Uti
1183 571 1269 636 ad
1298 595 1364 636 se
1391 568 1688 657 aspicias:
1738 567 1970 633 deinde
1998 567 2176 656 quod
2206 568 2529 656 scriptu'st
2554 568 2743 658 legas»

1040 674 1171 739 Hic
1201 689 1351 739 sunt
1378 686 1584 762 poetoe
1615 670 1862 736 Marcei
1890 669 2191 736 Pacuviei
2220 670 2341 736 sita
2404 668 2410 675 ’

1038 778 1231 842 Ossa:
1278 775 1401 841 hoc
1429 773 1714 839 volebam
1743 771 1992 838 nescius
2017 796 2101 838 ne
2130 796 2316 839 esses.
2407 773 2583 839 Vale.

2302 875 2526 939 Gau„
2557 874 2669 944 lib.
2698 877 2756 941 1.
2785 900 2841 942 c.
2872 880 2990 944 24.

955 1019 1213 1112 Neque
1245 1014 1441 1087 enim
1474 1013 1582 1086 ita
1612 1022 2074 1086 attenuatum
2108 1022 2184 1085 et
2216 1012 2409 1085 exile
2442 1015 2606 1085 volo
2649 1014 2745 1085 sit
2776 1038 3086 1089 carmen

955 1144 1040 1206 ut
1075 1131 1404 1205 acumine
1437 1129 1636 1201 omni
1667 1140 1930 1213 careat,
1965 1137 2205 1200 tractu
2240 1128 2455 1200 modo
2488 1130 2870 1201 verborum
2914 1131 3087 1205 sine

955 1252 1190 1322 colore
1241 1257 1318 1320 et
1370 1246 1611 1318 anima
1657 1244 2083 1316 notandum.
2188 1243 2385 1326 Quin
2436 1245 2654 1316 verba
2702 1245 2850 1317 sint
2900 1256 3085 1338 apte

955 1370 1148 1440 inter
1180 1390 1255 1438 se
1287 1367 1652 1447 collocata,
1687 1374 1764 1435 et
1798 1362 2123 1456 opposita
2162 1375 2292 1435 aut
2323 1364 2635 1457 repetita
2674 1365 3083 1452 interdum,

958 1506 1167 1554 versu
1193 1505 1376 1575 pene
1401 1481 1476 1551 in
1504 1481 1746 1551 orbem
1773 1480 2147 1563 redeunte,
2172 1490 2301 1551 aut
2324 1503 2457 1572 pro
2480 1504 2560 1553 re
2594 1490 2790 1565 nata,
2813 1479 2896 1551 in
2927 1481 3083 1554 fine

959 1619 1206 1668 aurem
1238 1595 1524 1667 feriant.
1593 1593 1827 1665 Sicuti
1859 1593 2040 1665 illud
2076 1594 2503 1687 Pompeiani
2536 1595 2626 1668 de
2659 1596 3037 1680 Cicerone,

1133 1764 1261 1845 Qui
1290 1777 1462 1829 tenet
1488 1761 1721 1850 eloquii
1751 1761 2005 1850 fastigia
2031 1784 2279 1827 summa
2307 1763 2549 1842 Latini,

1220 1865 1348 1945 Qui
1378 1863 1618 1930 Consul
1647 1862 1918 1951 patriam
1946 1864 2230 1930 caedibus
2256 1863 2514 1951 eripuit,

1135 1968 1389 2055 Quique
1418 1965 1609 2031 trium
1640 1988 1811 2030 saevo
1837 1965 2033 2030 vitam
2062 1965 2239 2031 dedit
2268 1988 2416 2031 ense
2442 1965 2746 2046 virorum,

1222 2069 1484 2135 Tullius
1511 2091 1590 2132 en
1620 2067 1740 2132 hac
1767 2082 1863 2132 est
1890 2066 2025 2155 ipse
2052 2067 2341 2155 sepultus
2369 2068 2605 2134 humo:

1138 2172 1264 2240 Sed
1294 2172 1443 2237 vitae
1469 2169 1746 2236 brevitas
1772 2186 2075 2257 pensatur
2103 2169 2294 2235 laude
2320 2170 2620 2259 perenni:

1222 2274 1413 2353 Quod
1442 2295 1611 2339 mors
1639 2271 1894 2361 eripuit,
1925 2271 2129 2360 gloria
2155 2272 2451 2339 restituit.

2176 2378 2375 2440 Eme.
2408 2398 2500 2441 m·
2525 2378 2751 2443 Pomm.
2780 2400 2844 2466 p.
2875 2381 2984 2450 91.

963 2507 1066 2577 Et
1102 2505 1470 2599 Euripidis
1506 2503 1985 2598 Epitaphium
2015 2531 2032 2575 ε

1134 2667 1284 2732 Non
1311 2667 1448 2732 haec
1477 2688 1641 2731 urna
1668 2681 1783 2732 tua
1810 2667 2177 2755 Euripides,
2208 2667 2320 2733 sed
2347 2681 2422 2733 tu
2451 2669 2650 2757 magis
2676 2669 2910 2758 hujus;

1225 2771 1519 2858 Namque
1547 2783 1662 2835 tua
1687 2768 1853 2834 hanc
1883 2794 2109 2838 urnam
2134 2771 2336 2860 gloria
2360 2770 2751 2838 condecorat.

2219 2874 2541 2940 Fauna-r.
2571 2900 2634 2965 p.
2666 2875 2821 2943 326.
2851 2892 2991 2944 not.

965 3033 1070 3106 Et
1105 3057 1254 3127 prae
1288 3033 1561 3105 caeteris
1594 3034 1823 3108 ferme
1855 3034 2186 3107 omnibus
2232 3036 2539 3108 Zosimae
2555 3008 2924 3132 ‘elogium,
2957 3039 3082 3111 cui

966 3171 1193 3220 servae
1225 3149 1418 3234 licet,
1451 3172 1732 3222 summa
1765 3160 1922 3223 erat
1952 3150 2229 3246 ingenii
2261 3162 2337 3225 et
2371 3151 2660 3225 virtutis
2693 3154 2870 3225 laus,

1139 3320 1401 3401 Ζῶσιμη,
1432 3328 1463 3399 ἦ
1492 3323 1615 3406 πρὶν
1645 3325 1813 3385 ἐοῦσα
1842 3321 1992 3408 μόνῳ
2022 3327 2099 3408 τῷ
2128 3321 2357 3404 σώματι
2387 3324 2574 3404 δούλη,

1228 3422 1343 3483 Καὶ
1370 3425 1451 3506 τῷ
1482 3422 1709 3505 σώματι
1739 3431 1830 3489 νῦν
1860 3422 2005 3506 εὖρον
2035 3423 2349 3511 ἐλευθερίην.

1841 3528 2056 3591 Bnon.
2086 3526 2287 3591 Erm.
2320 3529 2488 3593 Bas.
2513 3529 2707 3601 1549.
2735 3552 2804 3617 p.
2833 3531 2990 3595 322.

1067 3683 1283 3766 Quod
1326 3682 1388 3754 si
1427 3682 1502 3753 in
1551 3684 1792 3755 animo
1837 3684 1933 3758 sit
1967 3686 2246 3780 justam
2293 3685 2524 3782 magis
2555 3697 2633 3759 et
2665 3699 3082 3761 accuratam

955 3808 1412 3913 ‘mortuorum
1449 3798 1837 3895 imaginem
1872 3800 2234 3897 effingere,
2267 3802 2588 3894 profecto
2633 3802 2710 3874 id
2752 3804 3082 3896 pluribus

965 3914 1415 3988 faciendum:
1454 3915 1580 3988 sed
1604 3916 2003 3990 curandum
2037 3927 2147 3990 est
2170 3916 2417 3989 sedulo
2450 3927 2720 4005 tamen,
2746 3937 2840 3991 ne
2867 3918 2977 3991 ita
3002 3919 3078 3990 in
