3559 5575
510 503 804 570 PRAELECTIO
828 504 1065 571 SECUNDA.
1276 509 1319 574 17

254 681 450 766 habentur,
463 699 573 771 quom
590 677 755 751 dissimili
771 701 916 771 prorsus
931 680 1072 751 ratione
1088 678 1159 750 ulia
1176 681 1222 752 eb
1239 679 1317 752 aliis

253 805 345 868 sunt
371 794 537 867 conditu!
572 796 691 879 Quam
722 793 869 866 omnino
896 804 935 866 et
961 819 1001 867 re
1025 805 1064 868 et
1092 796 1252 888 personis
1279 807 1317 869 et

253 909 446 982 sententiis
469 917 507 980 et
526 909 732 982 fabularum
753 919 927 982 contextu
950 920 989 982 et
1010 910 1177 982 dictionis
1199 913 1317 984 colore

254 1025 419 1096 diverse!
459 1026 646 1108 Quantum
673 1025 834 1120 ejusdem
870 1049 942 1098 non
973 1026 1053 1098 dioo
1084 1026 1209 1098 Poetae
1238 1052 1316 1100 car-

253 1139 369 1223 mina,
381 1140 445 1210 sed
456 1141 616 1234 ejusdem
629 1141 804 1234 poematis
817 1153 937 1233 partes
952 1142 1049 1213 inter
1060 1165 1099 1213 se
1114 1142 1316 1235 discrepare

254 1256 448 1340 ceruimus,
474 1280 557 1350 quae
587 1267 709 1330 temen
736 1258 857 1329 omnio
882 1257 913 1328 si
938 1281 1009 1329 nou
1036 1258 1115 1352 puri
1141 1269 1181 1330 ot
1207 1258 1316 1331 simili

252 1372 415 1464 quadum
432 1374 617 1466 voluptate
633 1374 786 1470 legentis
801 1374 962 1446 animum
979 1375 1226 1467 permulcent!

308 1486 445 1581 Atque,
461 1497 505 1560 ut
521 1490 687 1562 omittam
704 1513 801 1562 nunc
817 1491 937 1562 dicere
952 1491 999 1562 de
1011 1489 1121 1562 variis
1137 1490 1316 1563 scribendi

253 1601 392 1687 formis,
409 1604 532 1697 quales
549 1615 634 1677 sunt
650 1605 778 1698 Epicu,
796 1606 940 1698 Lyricu,
957 1605 1179 1688 Dramaticu,
1192 1617 1257 1678 out
1268 1607 1314 1679 de

254 1717 350 1811 Styli
361 1719 547 1807 varietate,
560 1722 606 1794 de
622 1721 700 1813 ipsu
716 1745 756 1792 re
772 1745 814 1792 oc
833 1721 984 1794 materia
995 1721 1191 1806 videamus,
1201 1745 1315 1816 quou-

255 1839 335 1903 tum
352 1834 447 1906 inter
463 1858 523 1908 eas
539 1846 660 1928 partes
677 1836 724 1907 sit
740 1836 943 1920 discrimen,
956 1861 1039 1931 quae
1056 1837 1217 1909 sensibus
1233 1860 1314 1909 nos-

255 1949 321 2024 tris
346 1953 649 2025 oblectamentum
671 1941 828 2046 pariunt'.
879 1953 987 2036 Quod
1008 1977 1056 2025 ne
1072 1953 1111 2025 in
1129 1952 1312 2026 infinitum

254 2089 498 2154 excurremus,
516 2069 635 2141 Unius
655 2069 804 2141 Homeri
822 2070 1040 2141 firmandum
1062 2079 1117 2142 est
1133 2073 1311 2163 exemplo.

253 2181 345 2263 Quis
362 2207 405 2254 eo
422 2184 540 2256 verius
557 2183 723 2256 imitatus
739 2194 795 2255 est
812 2183 1009 2255 naturam?
1036 2183 1128 2268 Quis
1149 2185 1312 2256 omnium

252 2297 420 2370 ordinum
447 2311 484 2371 et
510 2311 662 2372 aetotum
689 2300 816 2371 melius
842 2299 1037 2392 perspexit,
1062 2309 1100 2370 et
1126 2301 1240 2395 magis
1265 2301 1313 2372 ud

253 2413 378 2484 vivum
395 2417 571 2506 expressit
588 2415 732 2486 mores?
759 2413 864 2485 Adeo
881 2425 924 2486 ιιι
939 2414 1120 2486 Achillem
1145 2414 1248 2484 illum
1274 2425 1313 2486 et

255 2527 424 2612 Nestora,
440 2541 478 2600 et
494 2531 662 2620 Ulyssem
681 2539 902 2620 caeterosque
921 2529 1100 2619 principes
1117 2528 1223 2611 viros,
1239 2551 1311 2600 non

254 2652 299 2714 ut
318 2643 521 2715 illustrioris
544 2643 613 2714 aevi
637 2644 825 2716 defunctos
851 2645 977 2714 heroas
1002 2643 1232 2728 admiremur,
1250 2647 1313 2718 sed

253 2759 351 2853 ipsos
368 2781 486 2831 coram
510 2758 652 2831 udstore
675 2769 713 2830 et
730 2757 883 2852 colloqui
906 2757 1122 2831 credamus?
1149 2759 1246 2831 'l'um
1272 2760 1311 2833 in

252 2874 441 2947 effectibus
458 2874 723 2947 commovendis
740 2874 820 2967 quis
840 2898 883 2945 eo
907 2875 1088 2966 potentior
1110 2876 1310 2971 magister?

253 2990 345 3075 Quis
361 2990 506 3062 intimos
523 2990 796 3084 reconditosque
814 3014 931 3061 nexus
947 2992 1170 3082 pertentavit
1182 2995 1310 3077 acrius,

252 3106 382 3200 quibus
412 3108 458 3177 ad
488 3107 654 3199 patriam,
680 3108 726 3179 ud
752 3116 931 3198 parentes,
957 3108 1102 3193 amicos,
1127 3110 1310 3204 conjuges,

252 3223 384 3294 liberos
397 3223 559 3295 obstricti
576 3222 726 3295 sumus?
747 3224 864 3295 Nemo
881 3222 944 3293 illo
962 3224 1077 3295 varios
1094 3224 1205 3295 enimi
1223 3225 1311 3295 fluc-

253 3339 390 3410 mantis
416 3348 536 3421 aestus,
560 3361 667 3409 nemo
692 3339 834 3424 amoris,
856 3338 934 3421 irae,
952 3338 1039 3429 spei,
1057 3350 1187 3424 metus,
1207 3341 1311 3411 mise-

213 3546 220 3555 ·
252 3454 417 3526 ricordiae
435 3454 593 3546 impetus
609 3453 748 3524 felicius
766 3452 953 3544 depinxit;
970 3464 1035 3523 out
1047 3464 1183 3546 quante
1199 3454 1246 3524 sit
1262 3478 1310 3526 ex

253 3570 390 3643 vicibus
407 3569 575 3641 humanis
593 3570 757 3661 voluptas
775 3567 972 3638 hauriendo
989 3568 1157 3662 coguovit
1171 3568 1309 3645 melius.

252 3686 428 3781 Ejusdem
446 3687 484 3758 in
508 3684 725 3781 regionibus,
741 3682 886 3776 praeliis,
904 3683 1077 3755 conviviis
1098 3685 1308 3781 caeterisque

250 3800 290 3873 id
315 3826 429 3897 genus
453 3800 706 3883 describendis,
728 3799 819 3871 mira
841 3808 907 3883 est,
930 3822 1038 3892 quem
1066 3800 1192 3873 dicunt
1210 3802 1309 3875 Rbe-

252 3926 359 4000 tores,
385 3916 543 4014 ἐνᾶργειαε
574 3927 653 3987 ιιιιιι
681 3915 884 4007 ubicunque
910 3916 1028 3987 elucet
1050 3917 1223 4009 praeclora
1246 3918 1309 3989 illa

251 4033 397 4106 ubertas
414 4056 497 4125 quae
514 4054 607 4104 nova
624 4040 733 4124 utque
749 4029 892 4100 insolita
914 4030 1098 4122 profundit
1117 4042 1155 4102 et
1171 4031 1306 4127 ingenii

251 4149 439 4242 plusquam
459 4149 695 4220 Prometheus
713 4146 830 4229 ardor,
847 4169 919 4239 quo
940 4170 1012 4217 non
1037 4147 1143 4217 modo
1166 4160 1308 4219 naturae
1353 4158 1367 4173 ‘

250 4263 381 4335 faciem
413 4277 586 4358 pererrat,
617 4275 726 4358 atque
758 4264 881 4334 abdita
915 4264 1078 4348 rimatur,
1109 4286 1234 4336 verum
1268 4276 1306 4338 et

250 4380 349 4453 coelis
365 4381 452 4474 ipsis
468 4392 506 4454 et
522 4382 604 4454 imis
622 4406 643 4453 e
661 4382 824 4453 'l'artoris
841 4382 1124 4453 instrumentum
1140 4380 1228 4453 ortis
1245 4400 1307 4472 pe·

766 4516 788 4566 c
