3559 5575
458 105 691 189 rut.
724 123 924 190 xv1.
1119 125 1251 189 DE
1298 108 1919 191 Ars-acrinus.
2043 106 2056 118 '
2442 123 2572 189 213

453 295 675 369 Unde
709 298 803 369 ad
832 297 1097 369 foedam
1133 299 1363 371 noctis
1389 280 1580 371 illius
1605 298 1884 371 cladem
1912 306 2133 391 atque
2156 295 2570 370 incendium

452 413 705 483 statim
737 414 1123 485 transitum
1155 425 1386 507 parat.

718 535 1003 600 Vertitur
1028 535 1266 600 interea
1291 534 1546 613 coelum,
1577 547 1639 599 et
1669 535 1802 598 ruit
1828 555 2063 598 oceano
2091 554 2237 597 nox.

455 643 657 716 Hinc
723 647 944 718 etiam
1003 648 1503 740 pulcherrimae
1562 646 1670 717 illi
1721 645 2161 740 Hypsipyles
2221 646 2572 717 lamenta-

455 760 664 843 tioni,
715 785 929 855 super
977 762 1329 833 infantem
1379 762 1608 832 filium
1660 786 1899 834 morsu
1952 761 2301 855 serpentis
2350 762 2574 833 inter-

462 885 814 967 emptum,
847 900 993 948 non
1032 876 1331 946 minima
1362 877 1658 948 accessit
1692 878 1950 972 gratia.
2533 879 2542 884 ’

1158 1005 1366 1068 Modo
1394 1027 1585 1092 quem
1615 1004 1897 1091 digressa
1924 1004 2152 1092 reliqui

726 1105 1097 1184 Lascivum,
1125 1119 1191 1171 et
1216 1129 1421 1194 prono
1448 1122 1779 1171 vexantem
1808 1105 2097 1194 gramina
2121 1127 2337 1170 cursu.

1968 1209 2202 1271 Tuan.
2235 1209 2310 1271 V.
2343 1206 2490 1272 611.

563 1332 846 1404 Eodem
879 1333 1032 1404 fere
1064 1343 1344 1426 spectat
1377 1333 1573 1428 quod
1605 1357 1649 1404 a
1686 1332 2014 1428 Tragicis
2052 1332 2361 1405 feliciter
2404 1355 2582 1403 non-

460 1472 833 1544 nunquam
867 1458 978 1520 est
1011 1459 1528 1542 comparatum,
1564 1459 1650 1520 ut
1682 1446 1873 1521 malo
1910 1451 2067 1543 jam
2113 1450 2306 1520 ultra
2351 1471 2580 1519 reme-

461 1565 666 1637 dium
699 1566 954 1657 posito,
979 1566 1248 1636 bonum
1283 1566 1407 1636 diu
1443 1576 1911 1658 expectatum
1946 1566 2242 1636 tandem
2278 1588 2435 1636 sero
2471 1564 2580 1634 ni-

459 1681 598 1752 mis
634 1681 1013 1754 adveniat:
1049 1680 1654 1776 quemadmodum
1688 1680 1903 1753 estin
1934 1681 2334 1774 Hippolyto
2362 1679 2580 1751 Euri-

447 1796 675 1890 pidis,
696 1797 1015 1891 itemque
1047 1797 1121 1867 in
1149 1797 1519 1890 Sophoclis
1537 1795 1972 1879 Trachiniis,
1996 1796 2121 1868 ubi
2146 1796 2579 1868 innocentiae

465 1912 721 1983 matris
751 1913 1014 1984 certior
1045 1914 1280 1984 factus
1312 1923 1424 1984 est
1462 1912 1748 2004 HylluS,
1770 1923 2153 2005 postquam
2187 1911 2583 2004 opprobriis

333 2045 360 2064 ⁸
469 2036 546 2098 et
569 2027 749 2098 falso
780 2026 1082 2099 crimine
1114 2027 1372 2097 adacta
1404 2026 1539 2097 sibi
1572 2027 1727 2119 ipsa
1762 2035 2069 2098 mortem
2103 2027 2582 2099 conscivisset.

573 2139 778 2211 Nihil
825 2149 1073 2212 autem
1125 2140 1357 2211 acrius
1402 2164 1531 2212 nos
1566 2141 1805 2236 tangit
1839 2151 1965 2212 aut
1998 2141 2072 2210 in
2111 2150 2429 2212 mentem
2463 2141 2585 2213 de-

460 2255 749 2327 scendit
782 2255 1022 2339 altius,
1058 2279 1275 2349 quam
1309 2256 1368 2326 si
1403 2256 1710 2328 dolentis
1746 2255 2106 2327 miseriam
2140 2257 2235 2327 ad
2279 2266 2583 2339 nosmet,

467 2371 940 2443 similitudine
971 2371 1214 2464 aliqua
1245 2372 1468 2455 ducti,
1494 2371 1632 2464 ipsi
1666 2374 1857 2443 ultro
1891 2372 2303 2444 referamus.
2363 2371 2581 2443 Domi

466 2486 659 2559 enim
686 2487 867 2559 situs
892 2496 1002 2559 est
1022 2511 1232 2559 verus
1258 2486 1520 2560 doloris
1546 2497 1622 2558 et
1643 2490 2121 2580 lacrymarum
2148 2489 2330 2560 fons.
2385 2488 2585 2559 Hinc

467 2605 562 2675 ad
594 2602 859 2675 alienos
883 2627 1089 2675 casus
1116 2604 1554 2676 miserandos
1579 2604 2057 2676 certissimum
2083 2617 2194 2677 est
2218 2606 2380 2677 iter.
2434 2605 2585 2676 Ne-

469 2742 608 2814 que
641 2718 716 2790 in
759 2719 1063 2792 aliorum
1107 2719 1522 2793 infortuniis
1568 2720 1963 2814 quidquam
2011 2722 2336 2793 homines
2383 2743 2585 2816 mag-

469 2859 733 2928 nopere
767 2846 1029 2917 movet,
1063 2835 1199 2906 nisi
1236 2835 1430 2928 quod
1462 2835 1600 2927 ipsi
1634 2845 1762 2906 aut
1790 2836 2102 2927 perpessi
2136 2836 2430 2918 fuerint,
2456 2848 2585 2908 aut

472 2972 670 3044 aegre
702 2947 1110 3042 effugerint,
1143 2959 1272 3019 aut
1302 2950 1604 3040 posthac
1636 2973 1711 3019 se
1747 2948 1899 3040 pati
1934 2971 2138 3038 posse
2173 2948 2491 3019 credant.

572 3064 1058 3146 Quamobrem
1118 3063 1312 3154 apud
1371 3085 1686 3133 summos
1727 3063 1993 3133 Poetas
2040 3061 2220 3132 nihil
2266 3064 2400 3132 hoc
2447 3063 2587 3135 fre-

469 3179 832 3275 quentius.
935 3178 1056 3250 Ita
1094 3177 1288 3251 enim
1328 3178 1690 3249 Homerus
1733 3178 1812 3249 in
1848 3176 2122 3249 Priami
2168 3201 2343 3250 nece
2393 3182 2584 3272 apud

469 3295 830 3368 Achillem
853 3293 1292 3390 ⁸iampridem
1327 3293 1652 3377 recitata,

1163 3431 1342 3495 Αὐτόν
1371 3432 1424 3495 τ’
1455 3431 1703 3511 ἐλέησον,

732 3533 1105 3617 Μνησᾶμινος
1134 3540 1236 3597 σοῦ
1265 3535 1493 3622 πατρός.
2098 3538 2194 3602 Ῑι.
2228 3542 2308 3601 Ω.
2340 3541 2493 3603 504.

477 3666 886 3759 Itidemque
918 3663 1288 3760 Virgilius,

452 3792 462 3801 ’
1082 3801 1237 3864 Fuit
1266 3813 1331 3866 et
1359 3800 1472 3865 tibi
1503 3800 1644 3865 talis

649 3902 962 3968 Anchises
987 3902 1252 3990 genitor.
1343 3902 1557 3967 Dauni
1589 3903 1878 3969 miserere
1906 3916 2193 3967 senectae.
2260 3909 2273 3922 “

1944 4005 2107 4069 AEN.
2140 4003 2320 4068 XII.
2343 4004 2490 4073 933.
2543 4000 2552 4011 ‘

1471 4114 1597 4178 ΡΒ
