3559 5575
988 128 1126 196 246
1680 126 1926 191 PARS
1973 124 2415 191 SECUNDA
2548 123 2776 187 Pam..
2812 123 3096 190 XVIII.

987 312 1166 396 puto
1199 300 1614 372 flebiliorem
1648 300 2064 372 habiturum
2098 298 2315 369 fuisse
2340 297 2648 369 Didonis
2672 297 3016 380 fabulam,
3038 297 3100 368 si

985 418 1309 513 reginam
1346 426 1588 487 mente
1622 438 1908 509 prorsus
1942 423 2226 507 captam
2253 413 2608 506 posuisset
2631 437 2716 485 ac
2740 416 2953 507 plane
2978 413 3100 485 de-

987 535 1346 605 lirantem.
1449 532 1846 603 Enimvero
1881 531 2006 602 ubi
2040 530 2355 600 maxime
2391 529 2712 613 saevitur,
2743 553 3096 625 nusquam

988 674 1029 720 e
1065 659 1451 741 conspectu
1486 649 1687 719 abest
1721 647 2153 740 principium
2190 656 2265 716 et
2299 646 2457 715 fons
2491 645 2704 716 mali:
2772 649 2916 717 huc
2950 671 3098 719 om-

989 789 1116 835 nes
1152 763 1669 859 cogitationum
1704 763 1935 834 flexus
1969 773 2044 833 et
2070 762 2428 856 ambageS,
2454 763 2595 832 huc
2629 763 3094 834 acerbissimae

989 890 1316 973 spectant
1360 877 1827 972 querimoniae
1874 887 1949 948 et
1996 879 2358 949 clamores.
2463 876 2720 970 Neque
2767 877 2892 948 illa
2940 902 3096 970 pro-

990 994 1178 1065 fecto
1220 1018 1383 1089 quae
1432 995 1524 1065 ad
1574 994 1926 1064 insaniam
1977 992 2305 1084 proxime
2351 992 2727 1075 accedunt,
2759 991 3097 1063 amentiae

991 1120 1162 1180 sunt
1197 1112 1433 1192 verba,
1469 1108 1597 1180 sed
1631 1106 2073 1179 vehementis
2123 1107 2363 1198 potius
2403 1107 2688 1191 (101οή3,
2721 1118 2796 1180 et
2828 1108 3093 1179 irarum

991 1226 1253 1299 fluctus
1283 1226 1434 1298 imo
1466 1250 1510 1296 a
1543 1236 1833 1318 pectore
1867 1223 2227 1296 commoti.

1077 1365 1142 1429 N
1143 1386 1226 1428 on
1254 1385 1430 1429 arma
1456 1360 1815 1449 expedient,
1844 1374 2103 1449 totaque
2131 1384 2212 1425 ex
2240 1361 2400 1426 urbe
2429 1377 2794 1449 sequentur,

1077 1465 1525 1553 Diripientque
1554 1478 1720 1528 rates
1746 1462 1853 1528 alii
1882 1462 2258 1528 navalibus?
2303 1461 2429 1531 ite:

1079 1568 1270 1631 Ferte
1298 1565 1405 1654 citi
1433 1564 1738 1644 flammas,
1770 1563 1919 1629 date
1946 1565 2109 1644 vela,
2139 1563 2442 1653 impellite
2470 1588 2709 1630 remos:

1076 1667 1251 1747 Quid
1281 1667 1551 1754 loquor?
1582 1681 1696 1731 aut
1727 1655 1850 1731 ubi„
1867 1672 2058 1732 sum?
2097 1691 2245 1755 quae
2274 1680 2548 1733 mentem
2578 1668 2818 1733 insania
2843 1683 3047 1732 mutat
3063 1672 3091 1730 ?

1077 1770 1313 1836 Infelix
1343 1768 1554 1834 Dido!
1604 1791 1773 1833 nunc
1803 1782 1867 1833 te
1895 1769 2028 1834 fata
2056 1769 2253 1858 impia
2280 1775 2588 1857 tangunt!

1078 1875 1255 1937 Tum
1283 1870 1518 1950 decuit,
1548 1892 1693 1936 cum
1724 1885 1971 1958 sceptra
1998 1871 2211 1936 dabas·
2300 1872 2403 1936 En
2433 1871 2660 1936 dextra
2685 1871 3001 1959 fidesque!

1076 1979 1283 2055 Quem
1315 1997 1527 2040 secum
1557 1974 1793 2062 patrios
1820 1974 1999 2040 aiunt
2028 1988 2279 2062 portare
2311 1977 2607 2057 PenateS,

1077 2081 1283 2157 Quem
1313 2077 1574 2142 subiisse
1602 2077 1881 2142 humeris
1908 2077 2266 2143 confectum
2296 2091 2485 2143 aetate
2513 2093 2862 2167 parentem.

1077 2181 1227 2245 Non
1258 2180 1439 2267 potui
1467 2181 1803 2268 abreptum
1832 2178 2126 2244 divellere
2154 2202 2407 2268 corpus,
2437 2197 2501 2246 et
2531 2181 2719 2247 undis

994 2319 999 2324 ·
1078 2282 1434 2369 Spargere?
1479 2304 1605 2346 non
1636 2281 1854 2359 socios,
1886 2303 2013 2345 non
2042 2280 2250 2368 ipsum
2278 2281 2610 2347 absumere
2635 2282 2805 2347 ferro

1076 2382 1450 2460 Ascanium,
1480 2381 1827 2469 patriisque
1855 2382 2244 2470 epulandum
2275 2405 2594 2471 apponere
2622 2384 2892 2450 mensis?

1073 2484 1312 2547 Verum
1342 2503 1570 2569 anceps
1599 2505 1837 2570 pugnoe
1864 2483 2074 2548 fuerat
2100 2483 2395 2549 fortuna!
2445 2484 2684 2551 fuisset.

1003 2672 1007 2677 .
1075 2585 1280 2662 Quem
1309 2583 1508 2647 metui
1536 2583 1846 2649 moritura
1864 2589 1893 2648 Ρ
1938 2585 2105 2650 faces
2127 2586 2194 2649 in
2217 2599 2422 2651 castra
2449 2586 2764 2652 tulissem:

1077 2685 1573 2774 Implessemque
1600 2685 1771 2750 foros
1800 2686 2091 2767 flammis,
2122 2701 2474 2776 natumque
2501 2702 2871 2778 patremque

1075 2792 1242 2856 Cum
1271 2811 1501 2877 genere
1528 2788 1916 2855 exstinxem:
1965 2807 2197 2857 memet
2226 2815 2418 2880 super
2446 2792 2581 2880 ipsa
2603 2793 2934 2859 dedissem.

2513 2897 2679 2961 ΕΝ.
2712 2898 2827 2961 IV.
2857 2899 3004 2968 592

985 3016 1295 3100 Quando
1328 3026 1572 3089 autem
1605 3017 1893 3109 penitus
1926 3016 2253 3088 insanam
2288 3019 2446 3091 vult
2480 3027 2799 3090 mentem
2844 3019 3093 3112 depin-

985 3156 1177 3228 gere,
1204 3136 1487 3227 qualem
1515 3133 1589 3204 in
1618 3157 1904 3226 scenam
1938 3132 2254 3227 proferre
2282 3133 2610 3228 Tragicis
2635 3135 2956 3228 scriptori
2964 3137 3091 3206 bus

985 3272 1117 3319 usu
1155 3248 1378 3335 venit,
1413 3250 1916 3321 verecundiam
1950 3249 2057 3319 ita
2096 3248 2268 3321 colit
2302 3259 2376 3321 et
2411 3250 2814 3334 veritatem,
2847 3261 2929 3321 ut
2967 3251 3093 3321 has

984 3371 1222 3453 partes
1255 3363 1332 3432 in
1367 3386 1696 3433 somnum
1733 3362 2052 3459 rejiciat3
2102 3386 2195 3434 ne
2227 3387 2359 3456 pro
2392 3362 2661 3436 afflicta
2693 3364 2895 3436 malis
2940 3374 3094 3435 tur-

984 3477 1315 3569 bataque,
1353 3477 1608 3548 mulier
1641 3478 1933 3549 omnino
1967 3502 2211 3551 vecors
2246 3489 2321 3550 et
2357 3503 2601 3552 amens
2636 3480 3006 3552 videatur:

1760 3607 1926 3694 Agit
1952 3608 2087 3695 ipse
2113 3609 2429 3674 furentem

1156 3708 1244 3770 In
1271 3710 1509 3775 somni-5
1537 3708 1712 3773 ferus
1742 3709 2011 3775 AEneas:
2064 3734 2439 3800 semperque
2468 3711 2741 3799 relinqui

1159 3808 1307 3874 Sola
1334 3809 1473 3889 sibi,
1505 3834 1751 3899 semper
1777 3811 2031 3899 longam
2062 3812 2425 3880 incomitata
2453 3812 2709 3879 videtur

1160 3911 1266 3976 Ire
1295 3912 1484 3993 viam,
1514 3929 1579 3979 et
1606 3915 1836 4001 Tyrios
1863 3915 2113 3981 deserta
2139 3940 2423 4003 quaerere
2454 3930 2638 3982 terra.

1155 4015 1588 4082 Eumenidum
1618 4016 1814 4084 veluti
1843 4017 2101 4084 demens
2128 4018 2302 4084 videt
2329 4019 2584 4105 agmina
2614 4018 2961 4092 Pentheus,

792 4986 3369 5242 ..—
