3559 5575
234 613 352 684 Pras.
367 613 428 683 lv,
559 612 625 682 DE
649 611 966 684 IMITATIONB
1251 619 1298 688 di

323 795 537 850 mmet
549 782 712 872 ingentem
724 781 790 851 lato
804 783 1164 852 deditorefenesnan:

322 886 1154 980 Appareldoumiutusetatriuloagopamcuut:

321 991 493 1080 Apparent
507 988 626 1056 Priami
640 1004 673 1056 et
687 1003 830 1056 veterum
844 989 1019 1080 penetralia
1030 1011 1162 1080 regum:

322 1095 539 1186 Armatasque
552 1091 663 1159 vident
677 1105 794 1159 stantes
808 1091 841 1159 in
855 1093 964 1159 limine
977 1090 1091 1182 primo

1009 1195 1092 1261 AEn.
1108 1195 1158 1262 11.
1174 1198 1250 1263 482.

230 1356 320 1431 Nan
343 1357 444 1430 enim
469 1357 571 1432 utin
593 1357 737 1452 pictura
756 1359 802 1433 ab
819 1356 932 1430 oculis
953 1358 1001 1432 ad
1024 1368 1184 1432 mentem
1204 1357 1293 1444 itur,

230 1471 299 1562 sed
316 1481 441 1546 contra
457 1482 579 1549 mente
604 1475 714 1549 semel
737 1471 878 1548 concita
895 1482 982 1546 ante
1006 1474 1127 1548 oculos
1144 1472 1220 1546 visa
1236 1481 1293 1547 eat

230 1585 356 1682 imago
372 1587 479 1680 poni:
507 1590 604 1682 quod
620 1598 709 1662 tunc
725 1588 862 1681 optime
886 1589 1057 1661 effectum
1079 1587 1159 1672 erit,
1182 1588 1213 1668 si
1236 1609 1294 1658 re-

229 1702 384 1796 pentino
409 1703 565 1797 quodam
590 1704 730 1796 impetu
752 1704 970 1797 percellatur
992 1725 1105 1788 mens,
1127 1712 1166 1776 et
1190 1701 1294 1797 quasi

230 1829 334 1891 tactu
352 1821 511 1892 aethereo
528 1819 665 1916 ingenii
688 1819 930 1892 incendantur
945 1819 1106 1916 igniculi,
1123 1843 1213 1915 quos
1237 1820 1293 1890 in-

231 1945 293 2006 tus
310 1935 443 2029 sopitos
460 1946 625 2009 tenemus
642 1959 778 2009 omnes.
812 1969 817 1980 ·

283 2051 430 2134 Quanto
446 2052 659 2126 efficaciores
685 2063 771 2126 sunt
795 2052 870 2124 illae
894 2052 1010 2126 divini
1031 2053 1124 2125 vatis
1144 2053 1291 2149 effigies,

230 2191 304 2239 non
322 2169 458 2241 difficili
474 2179 513 2242 et
528 2169 702 2243 laborioso
727 2179 834 2264 partu
852 2169 971 2254 editoe,
985 2169 1049 2242 sed
1064 2194 1146 2265 quae
1171 2169 1291 2244 subito

228 2284 311 2358 nisu
328 2295 502 2381 tanquam
519 2310 568 2359 ex
584 2287 730 2360 cerebro
744 2286 768 2358 J
769 2286 845 2360 ovis
862 2286 1040 2358 emicant!

320 2415 418 2481 Illum
434 2415 612 2504 indignanti
627 2415 771 2498 similem,
785 2415 982 2503 similemque
995 2413 1129 2504 minanti

320 2517 502 2604 inspiceres.
956 2515 1245 2588 marnasco.

230 2645 314 2717 Aut
330 2646 421 2717 illud
437 2646 557 2718 adhuc
574 2643 810 2729 manifestius,

798 2765 861 2846 Te,
877 2761 1025 2843 Catilina,
1040 2763 1154 2830 minaci

319 2867 516 2936 Pendentem
532 2866 663 2956 scopulo
676 2867 896 2956 furiarumque
910 2889 966 2932 ora
980 2880 1177 2935 trementem.

955 2968 1033 3037 rna.
1051 2970 1245 3041 vnnoca.
1284 2944 1307 2969 '

229 3101 310 3175 Aut
327 3125 398 3196 qua
423 3102 582 3196 partium
606 3101 835 3175 distinctione
860 3124 918 3173 res
941 3102 1057 3199 magis
1078 3113 1223 3177 exstare
1244 3127 1289 3176 ac

229 3218 393 3311 protrudi
409 3219 528 3312 potuit
544 3242 654 3314 quam
671 3218 733 3290 illa
750 3218 827 3291 Nili
844 3218 1006 3314 effigies?

317 3405 440 3468 Contra
452 3416 559 3467 antem
574 3424 690 3489 magno
704 3416 886 3466 maerentem
901 3424 1033 3489 corpore
1047 3400 1171 3483 Nilum,

319 3501 581 3590 Pandentemque
595 3502 692 3579 sinus,
707 3516 740 3566 et
755 3512 820 3567 tota
834 3512 918 3567 vecte
934 3512 1095 3568 vocantem

319 3605 501 3672 Caeruleum
517 3606 549 3670 in
564 3605 732 3693 gremium,
747 3603 967 3691 latebrosaque
980 3602 1113 3669 flumina
1125 3604 1233 3672 victos

950 3706 1034 3772 ΕΝ.
1050 3706 1151 3772 vl11.
1167 3708 1244 3777 711.

233 3913 315 3983 Non
333 3911 498 3984 omnibus
515 3921 612 3983 certe
628 3910 734 3981 rebus
757 3907 851 3981 inest
869 3918 984 3981 status
1007 3908 1068 3981 ille
1092 3933 1136 3982 ae
1159 3911 1286 4003 praeci·

232 4054 323 4123 puus
339 4029 498 4124 quidam,
522 4038 566 4099 nt
583 4026 703 4098 Graeci
727 4036 869 4111 vocant,
894 4024 1065 4123 χαρακτὴρ,
1081 4049 1154 4121 quo
1174 4030 1285 4101 semel

233 4156 373 4240 arrepto
390 4145 513 4218 statim
530 4153 705 4238 apparent
721 4142 851 4215 omnia.
897 4142 1094 4237 Complura
1109 4166 1205 4238 saepe
1221 4145 1285 4217 ad-

227 4265 355 4360 juncta
371 4262 535 4356 persequi
551 4270 706 4355 oportet,
723 4284 818 4354 saepe
839 4259 996 4356 adjicere
1020 4260 1149 4347 aliena,
1165 4269 1203 4333 et
1219 4283 1285 4355 per

233 4382 398 4477 ambages
415 4380 460 4451 de
477 4378 654 4453 industria
670 4378 782 4453 factae
799 4377 902 4473 quasi
917 4400 983 4473 per
999 4376 1217 4451 vestibulum
1236 4378 1284 4451 ad

232 4496 401 4571 interiora
417 4495 526 4569 adire.
