3559 5575
583 826 990 931 LECTORI
1051 829 1100 929 S.

702 1154 977 1207 ...φ-.-

319 1368 567 1467 ILLORUM
588 1394 716 1491 gratia
732 1395 861 1489 quibus
877 1394 1084 1468 Academiae
1108 1403 1241 1466 nostrae
1263 1393 1366 1465 insti-

319 1536 398 1599 tuta
422 1536 505 1599 sunt
523 1527 641 1597 minus
664 1528 818 1623 cognita,
835 1552 906 1600 non
927 1529 990 1600 abs
1011 1551 1050 1599 re
1066 1528 1185 1599 forsan
1202 1528 1272 1598 erit
1286 1528 1367 1599 bre-

317 1661 411 1733 viter
426 1661 581 1754 praefari,
597 1660 649 1731 ita
665 1660 751 1732 olim
768 1685 790 1732 a
807 1661 965 1734 Poeticae
978 1662 1146 1733 Lecturae
1159 1659 1366 1732 Fundatore

317 1795 497 1889 provisum
515 1817 603 1877 esse,
619 1794 787 1889 primum,
804 1807 846 1866 nt
863 1794 1012 1891 singulis
1034 1792 1196 1865 terminis
1221 1794 1368 1886 praelec·

318 1928 433 2000 tiones
450 1927 600 2023 singulae
616 1950 736 1999 coram
753 1927 997 1999 Universitate
1014 1928 1250 2009 haberentur3
1275 1937 1367 2008 tum,

319 2073 361 2132 ut
377 2083 423 2132 ne
440 2060 499 2131 cui
514 2061 609 2131 ultra
626 2060 838 2132 decennium
855 2062 924 2132 hoc
941 2083 1088 2132 munere
1106 2059 1211 2155 fungi
1232 2058 1366 2129 liceret.

322 2194 419 2265 Hinc
436 2194 547 2289 igitur
559 2193 691 2277 evenit,
703 2193 844 2287 utquid
856 2193 956 2286 prius
972 2193 1110 2265 dictum
1127 2201 1220 2265 esset
1237 2191 1368 2283 saepius

320 2307 499 2397 auditores
524 2326 765 2398 admonendos
787 2326 966 2411 duxerim,
985 2349 1032 2397 ne
1053 2326 1150 2397 forte
1171 2324 1287 2417 operis
1311 2348 1369 2394 ra-

320 2456 382 2541 tio,
399 2481 470 2529 non
487 2456 559 2528 nisi
573 2458 688 2552 longis
711 2469 914 2550 temporum
936 2458 1132 2528 intervallis
1157 2454 1369 2542 continuati,

319 2588 491 2660 memoria
525 2588 717 2681 aliqnando
750 2589 944 2660 excideret.
1008 2590 1107 2669 Quas
1140 2588 1284 2680 quidem
1318 2589 1369 2658 lo-

320 2718 455 2814 quendi
470 2720 653 2804 formulas,
670 2741 781 2814 quum
803 2719 841 2791 in
864 2720 981 2791 lucem
1006 2741 1094 2813 opus
1116 2718 1369 2812 proferendum

319 2863 409 2938 erat,
432 2854 484 2925 ita
508 2877 766 2948 nonnunquam
792 2853 952 2926 oratione
977 2853 1169 2946 implicitas
1191 2853 1368 2936 videbam,

319 2997 362 3058 ut
378 2988 521 3081 penitus
538 2986 641 3060 evelli
659 2987 735 3059 sine
751 2987 804 3058 rei
820 2987 1006 3079 dispendio
1018 2987 1081 3057 vix
1098 2999 1252 3082 possent.
1303 2985 1370 3057 Al·

320 3129 437 3192 terum
467 3144 552 3192 vero
581 3130 647 3205 est,
677 3120 802 3190 eadem
832 3143 917 3190 sane
944 3143 992 3190 ex
1021 3142 1128 3191 causa
1156 3119 1368 3212 profectum,

321 3253 428 3347 quod,
444 3252 592 3323 ineunte
613 3251 797 3334 decennio,
814 3260 990 3345 quantum
1014 3251 1121 3344 spatii
1142 3250 1291 3346 singulis
1313 3274 1370 3321 ar-

320 3386 483 3484 gumenti
506 3385 666 3478 partibus
688 3385 878 3456 deberetur
903 3385 1021 3455 minus
1046 3396 1143 3456 recte
1169 3385 1370 3456 aestimave-

319 3519 399 3594 rim.
451 3519 559 3591 Unde
574 3519 711 3591 factum
728 3529 794 3600 est,
811 3518 908 3588 utin
925 3517 1034 3588 tertia
1051 3534 1153 3609 parte
1170 3518 1369 3609 praesertim

321 3652 560 3746 exsequenda,
577 3651 799 3748 angustiores
817 3649 906 3721 mihi
922 3650 1010 3720 fines
1027 3648 1168 3721 relictos
1187 3650 1370 3738 senserim,

322 3809 431 3880 quam
464 3787 667 3879 postulabat
696 3783 857 3856 materiae
890 3783 993 3856 istius
1028 3783 1184 3878 dignitas
1217 3794 1255 3855 et
1283 3807 1371 3876 pon-

321 3918 411 3990 dus:
438 3919 484 3990 ad
509 3929 673 4012 quartam
694 3941 788 3990 vero·
805 3941 849 3989 ne
875 3916 1067 3990 accedendi
1096 3917 1240 4011 quidem
1268 3917 1370 4010 copia

321 4051 478 4122 daretur.

372 4183 465 4256 Haee
487 4193 609 4255 autem
635 4181 724 4254 mihi
749 4205 895 4275 aequum
919 4183 1088 4254 lectorem
1113 4180 1217 4252 facile
1242 4180 1372 4251 condo-

321 4325 490 4388 naturum
517 4317 655 4410 putavi‚
678 4315 709 4387 si
734 4316 839 4388 modo
864 4314 901 4385 in
930 4315 1070 4386 caeteris
1094 4338 1140 4385 ne
1167 4313 1282 4384 officio
1311 4311 1373 4384 de-

323 4471 435 4520 essem
452 4447 643 4545 diligenter
659 4449 880 4520 elaboratum
898 4469 974 4518 esse
991 4444 1179 4517 censuerit.

825 4604 848 4650 a
866 4584 888 4648 4
