3559 5575
444 91 671 154 Pam.
702 91 955 156 XXX.
1144 92 1275 156 DE
1321 93 1913 158 PHANTASIA.
2423 95 2556 158 385

434 274 682 336 torum
732 274 893 357 post
938 289 1015 337 se
1061 265 1368 338 traxerit
1410 284 1555 338 non
1606 265 1977 361 exiguum.
2054 265 2417 359 ·Namque
2451 276 2550 340 'ut

442 401 678 462 meam
746 402 1030 473 quoque
1086 403 1334 452 vocem
1403 381 1764 451 communi
1840 378 2200 472 praeconio
2268 379 2552 464 addam',
2653 388 2661 395 ”

435 505 684 569 ‚tamen
720 518 814 566 ex
848 518 1046 566 mero
1077 496 1340 566 fabulae
1373 506 1746 582 contextu,
1773 504 1850 567 et
1873 495 2060 566 fictis
2094 495 2551 567 foeminarum

440 609 779 703 personiS,
830 612 1017 681 hanc
1076 610 1624 683 admirationem
1675 611 1873 682 nasci
1925 611 2050 681 vix
2103 611 2549 683 crediderim.

439 726 700 820 Neque
733 725 928 798 enim
962 736 1073 797 est
1106 737 1594 799 commentum
1628 726 1810 798 illud
1844 726 2123 798 subtilis
2160 728 2549 798 admodum

440 865 554 912 res
586 841 882 937 ingenii,
917 851 1047 913 aut
1080 866 1243 936 quae
1288 843 1689 935 phantasiae
1723 842 1871 912 vim
1918 842 2232 936 aliquam
2279 866 2430 935 prae
2475 867 2551 914 se

439 959 651 1030 ferat.
723 958 937 1040 Quod
961 981 1130 1029 vero
1157 969 1433 1030 mentes
1461 959 1870 1030 auditorum
1899 958 2298 1051 praesertim
2333 958 2550 1052 capit,

435 1084 521 1145 et
550 1072 743 1167 quod
790 1072 1207 1165 scriptorem
1253 1075 1501 1166 procul
1551 1072 1769 1145 dubio
1820 1097 1962 1144 non
2021 1074 2367 1145 humilem
2426 1085 2554 1151 aut

441 1190 816 1284 vulgarem
859 1189 1123 1283 arguit,
1156 1189 1230 1259 in
1278 1189 1799 1260 sententiarum
1841 1187 2196 1283 dignitate
2241 1191 2553 1281 positum

436 1313 574 1386 est,
609 1325 775 1397 quae
809 1325 903 1372 ex
928 1302 1241 1375 Virtutis
1275 1326 1398 1375 ore
1433 1303 1845 1395 profluunt:
1877 1303 2136 1397 quibus
2169 1327 2361 1387 sane,
2388 1304 2557 1375 sim-

440 1417 612 1511 plici
644 1417 813 1489 licet
838 1427 1056 1512 atque
1091 1416 1422 1489 inornato
1456 1441 1782 1489 sermone
1809 1418 1953 1489 sint
1980 1419 2218 1501 editae,
2246 1420 2553 1491 admira-

442 1534 586 1606 bile
606 1545 849 1605 tamen
871 1533 1059 1604 inest
1078 1544 1154 1605 et
1174 1533 1379 1626 quasi
1400 1534 1721 1604 divinum
1745 1535 2026 1626 pondus
2047 1544 2122 1605 et
2142 1535 2550 1607 auctoritas.

445 1648 735 1742 Ecquid
767 1647 959 1720 enim
994 1648 1282 1744 gravius
1315 1649 1458 1720 ista
1490 1649 1835 1734 oratione,
1869 1674 2013 1744 qua
2037 1649 2319 1722 Vitium
2352 1650 2551 1743 prius

444 1765 766 1837 locutum
799 1763 1053 1836 Virtus
1087 1764 1384 1857 excipit,
1417 1764 1570 1835 sine
1606 1764 1819 1837 metri
1853 1775 1928 1837 et
1962 1765 2223 1858 poetici
2257 1775 2551 1837 ornatus

431 1881 793 1955 -illecebris
818 1905 858 1952 a
880 1880 1365 1974 Xenophonte
1391 1881 1705 1951 tradita?
1724 1873 1825 1950 ’Ὦ
1843 1889 2096 1973 τλῆμον,
2116 1878 2190 1951 τί
2203 1880 2266 1952 δὲ
2289 1879 2553 1974 ‹sadya-

448 1994 539 2067 θόν
572 1995 778 2092 ἕχειςς
831 1994 869 2083 ἢ
913 1992 984 2067 τι’
1022 1993 1130 2084 ἡδὺ
1165 1989 1359 2078 οἶσθα,
1391 1995 1576 2087 μηδὲν
1620 1994 1837 2066 τούτων
1883 1993 2054 2067 ἕνεκα
2095 1997 2382 2093 πράττειν
2433 1995 2556 2068 ἐθέ-

445 2129 685 2194 λουσα;
720 2109 859 2198 ’ἥτις
892 2109 1021 2183 οὐδὲ
1055 2110 1162 2198 τὴν
1194 2119 1306 2181 τῶν
1329 2110 1506 2198 ἡδέων
1532 2107 1845 2203 ἐπιθυμίαν
1868 2109 2202 2202 ἀναμένεις,
2227 2111 2401 2183 ἄλλα
2422 2109 2558 2210 πρὶν

447 2227 837 2322 ἐπιθυμῆσαι,
886 2228 1117 2298 πάντων
1168 2223 1579 2321 έμτῖπλασαι·
1648 2221 1783 2322 πρὶν
1831 2225 1944 2320 μὲν
1994 2233 2193 2326 τεινῇν
2252 2225 2556 2315 ε’σθίουσα,

444 2340 580 2439 πρὶν
612 2342 676 2414 δὲ
709 2341 888 2440 ὃιψῇν
918 2339 1372 2414 τίνουσα·-είὶ
1396 2352 1558 2434 post
1582 2339 2252 2434 ΡευΠο-Ἀθοίνατος
2285 2342 2348 2415 δὲ
2380 2338 2554 2428 οῧσα,

445 2459 517 2530 ἐκ
551 2464 684 2530 θεῶν
713 2457 831 2553 μὲν
862 2456 1212 2554 ἆτέῤῥιψαι,
1249 2454 1356 2528 {aare}
1392 2457 1457 2529 δὲ
1487 2454 1786 2554 ἀνθρώπων
1825 2458 2058 2552 ἀγαθῶν
2099 2458 2394 2559 ἀτιμάζῃ·
2447 2491 2554 2531 του

448 2573 513 2646 δὲ
543 2574 774 2645 πάντων
797 2570 1047 2661 ἡδίστου
1072 2571 1488 2666 ἀκούσματος,
1516 2571 1749 2645 ἐπαίνου
1776 2581 2059 2661 σεαυτῆς,
2088 2574 2330 2663 οἷνῆκοος
2356 2568 2431 2657 εἶ,
2452 2570 2555 2645 καὶ

445 2697 550 2762 τοῦ
572 2690 801 2761 πάντων
824 2685 1074 2777 ἡδίστου
1099 2689 1401 2783 θεάματος
1423 2687 1692 2768 ἀθέατος·
1729 2686 1889 2761 οὐδὲν
1912 2688 2031 2786 γὰρ
2055 2686 2290 2762 πώποτε
2321 2698 2554 2777 σαυτῆς

443 2805 614 2904 ἔργον
660 2803 845 2877 καλὸν
893 2805 1204 2877 τεθέασαι.
1309 2806 1505 2877 Tum
1541 2805 1700 2877 vitii
1746 2807 2047 2878 miseriis
2082 2806 2366 2899 copiosa
2399 2830 2555 2877 ora-

446 2922 646 2994 tione
685 2921 1051 3014 expositis,
1087 2924 1281 2993 hunc
1324 2922 1400 2992 in
1448 2923 1741 2994 modum
1795 2945 2086 2994 suorum
2138 2921 2554 2993 felicitatem

447 3037 922 3131 persequitur.
1024 3032 1152 3107 Καὶ
1188 3036 1246 3109 οἷ
1266 3036 1380 3129 μὲν
1412 3035 1523 3110 νέοι
1557 3045 1686 3117 τοῖς
1710 3047 1821 3108 τῶν
1843 3035 2266 3133 πρεσβυτέρων
2297 3033 2555 3116 ἐπαίνοις

443 3151 785 3249 χαίρουσιν,
820 3151 879 3223 οἷ
908 3151 969 3223 δὲ
1010 3149 1340 3250 γεραίτεροι
1381 3162 1522 3232 ταῖς
1565 3161 1677 3223 τῶν
1721 3150 1854 3223 νέων
1896 3159 2112 3244 τιμαῖς
2153 3150 2552 3293 ἀγάλλονται·

449 3298 555 3338 και
590 3266 770 3355 ἡδέως
802 3265 915 3361 μὲν
947 3275 1059 3337 τῶν
1087 3276 1356 3337 παλαιῶν
1381 3269 1644 3363 πράξεων
1674 3266 2032 3408 μέμνηνται,
2061 3296 2127 3336 ευ
2159 3265 2223 3338 δὲ
2254 3298 2368 3347 τας
2401 3298 2556 3364 παρ-

451 3381 637 3462 οὔσας
669 3379 905 3469 ἥδονται
930 3383 1318 3479 πράττοντες,
1340 3380 1470 3453 δι”
1414 3382 1553 3522 εμὲ
1576 3379 1752 3473 φιλοι
1787 3382 1900 3476 μὲν
1934 3379 2145 3462 θεοῖςν
2108 3412 2291 3469 οντες,
2311 3384 2557 3479 οἷκγαπη-

448 3526 542 3569 τοι
524 3494 632 3569 δὲ
656 3495 888 3588 φιλοις,
914 3494 1107 3591 τίμιοι
1143 3496 1206 3568 ὃε
1221 3496 1544 3641 νπατρι’·σιν
1593 3492 1803 3569 ‘'Oa-av
1836 3493 1883 3567 δ’
1912 3494 2054 3597 ἔλθῃ
2085 3493 2155 3568 τὸ
2187 3499 2559 3596 πεπρωμένον

450 3612 653 3696 τέλος,
688 3610 752 3684 οὗ
783 3644 952 3707 μετα
984 3611 1252 3700 λήθηςν
1210 3644 1417 3707 ατιμοι
1459 3644 1708 3699 κεινται,
1741 3612 1916 3684 ἄλλα
1957 3644 2124 3706 μετα
2170 3616 2413 3708 μνήμης
2456 3645 2556 3684 τον

451 3725 548 3801 ἀεὶ
571 3726 773 3826 χρόνον
800 3726 1139 3824 ὑμνούμενοι
1168 3730 1486 3800 θάλλουσι.
1522 3726 1946 3800 Memorab.
1975 3730 2080 3800 II.
2108 3737 2174 3817 1,
2201 3736 2520 3802 30—33.

552 3846 851 3917 Fabulae
903 3859 1148 3917 autem
1200 3845 1419 3937 ipsius
1460 3846 1690 3917 levem
1736 3847 2122 3918 admodum
2171 3856 2298 3915 aut
2344 3845 2555 3934 plane

367 3966 371 3971 ’
450 3964 722 4034 nullam
758 3963 904 4033 vim
951 3985 1107 4035 esse
1158 3985 1253 4033 ex
1296 3962 1511 4034 simili
1557 3972 1982 4058 argumento
2022 3961 2095 4031 in
2134 3959 2370 4031 Italici
2404 3980 2557 4028 car-

1450 4096 1572 4148 CC
