3559 5575
456 213 522 278 lat
674 205 795 273 PARS
818 205 978 272 PRIMA
999 203 1064 268 DE
1088 203 1218 268 ῙΜἸΤ.
1310 199 1426 268 Pan.
1442 203 1519 270 IX.

508 381 675 454 Profecto
692 380 738 450 ad
756 378 934 449 sincerum
953 377 1046 448 illud
1067 387 1106 446 et
1122 373 1312 448 subactum
1332 375 1518 472 judicium

455 497 552 590 quod
574 497 613 567 in
630 494 783 589 Virgilio
805 493 1037 576 admiramur,
1053 491 1219 584 proxime
1243 514 1291 564 ex
1317 493 1517 564 minoribus

456 612 604 682 accessit
622 611 773 681 Flaccus
789 608 826 679 in
841 605 1118 702 Argonauticis:
1137 609 1240 701 cujus
1256 607 1422 680 insuaves
1439 610 1517 701 ple-

455 749 609 819 rumque
625 735 663 796 et
680 723 849 796 salebrosi
866 746 989 793 versus
1005 745 1077 793 non
1097 745 1177 793 raro
1195 733 1317 794 tamen
1336 723 1433 793 hisce
1449 722 1517 792 de-

455 840 546 912 liciis
563 839 791 911 condiuntur.

506 955 665 1029 Viatoris
685 954 949 1026 solicitudinem
972 952 1096 1046 ignota
1116 951 1262 1046 regione
1287 953 1353 1022 sub
1379 952 1515 1023 adven·

456 1082 535 1143 tum
553 1071 668 1140 noctis
685 1069 849 1160 deprensi
866 1077 1003 1160 quanta
1021 1076 1099 1136 arte
1116 1065 1299 1160 depingit!

543 1183 618 1270 lpsa
631 1182 721 1269 quies
735 1202 841 1246 rerum
857 1178 1032 1263 mundique
1047 1177 1169 1242 silentia
1186 1191 1314 1257 terrent,

543 1287 712 1370 Astraque,
727 1294 759 1346 et
773 1281 879 1346 effusis
893 1277 1034 1344 stellatus
1049 1278 1188 1343 crinibus
1202 1277 1310 1343 aether.

545 1387 596 1450 Ac
611 1383 699 1449 velut
713 1383 822 1470 ignota
835 1395 948 1469 captus
961 1379 1089 1466 regione
1104 1379 1227 1442 viarum

545 1485 757 1572 Noctivagum
772 1483 828 1569 qui
842 1483 943 1569 carpit
956 1482 1035 1556 iter;
1059 1503 1123 1545 non
1136 1503 1214 1545 nure
1228 1480 1372 1567 quiescit,

544 1585 618 1648 Nou
632 1583 750 1659 oculis;
774 1583 938 1669 noctisque
951 1595 1056 1647 metus
1069 1582 1159 1670 niger
1173 1597 1270 1669 auget
1283 1581 1443 1669 utrimque

543 1688 695 1774 Campus,
711 1699 743 1749 et
756 1705 923 1749 occurrens
937 1683 1058 1749 umbris
1072 1683 1245 1771 majoribus
1257 1683 1360 1748 arbor.

1237 1789 1329 1850 Aac.
1346 1787 1395 1850 11.
1411 1787 1464 1850 41.

457 1894 550 1974 Quae
566 1916 651 1964 vero
667 1891 855 1966 Alcimede
871 1890 968 1964 inter
984 1893 1171 1983 amplexus
1187 1891 1353 1963 abeuntis
1372 1891 1437 1961 filii
1456 1891 1508 1961 ef·

455 2009 588 2093 fundit,
605 2019 642 2082 et
659 2007 835 2080 suavitate
852 2017 938 2078 sunt
955 2007 1076 2078 omnia
1088 2005 1271 2101 singulari,
1281 2016 1319 2078 et
1330 2020 1510 2098 postrema

456 2123 529 2211 illa,

717 2221 758 2284 Η
758 2237 923 2305 amaraque
938 2215 1035 2281 verta
1049 2215 1192 2303 relinque

629 2321 781 2398 Auribus,
1242 2319 1334 2382 Auo.
1349 2317 1374 2382 l.
1389 2320 1465 2384 888.

456 2433 635 2504 Naturam
652 2433 767 2523 ipsam
785 2432 933 2522 spirant.

506 2546 712 2618 Perfectum
735 2555 857 2616 autem
878 2548 986 2641 hujus
1003 2545 1129 2616 Poetae
1145 2545 1331 2637 exemplar
1350 2545 1509 2616 cernitur

455 2659 493 2730 in
529 2658 671 2728 Medeae
699 2653 879 2729 amoribus
907 2657 1159 2753 depingendis:
1192 2681 1265 2751 qua
1297 2660 1444 2754 quidem
1468 2661 1508 2731 in

455 2784 558 2868 parte
575 2796 657 2845 cum
676 2775 790 2845 multa
806 2797 854 2844 ex
870 2771 1063 2866 Apollonio
1080 2773 1288 2867 desumpsit,
1302 2783 1381 2847 tum
1398 2775 1508 2847 etiam

455 2911 528 2960 non
548 2912 662 2985 pauca
684 2890 729 2961 de
751 2911 815 2961 suo
840 2890 980 2962 addidit
1003 2913 1084 2984 quae
1107 2892 1258 2963 fortasse
1282 2892 1410 2987 aliquia
1434 2915 1506 2964 non

455 3002 577 3097 inepte
594 3004 730 3076 Graecis
747 3005 958 3097 praetulerit.
1000 3006 1071 3077 Sed
1089 3006 1260 3099 quoniam
1275 3005 1347 3079 iata
1363 3030 1444 3103 pars
1461 3004 1505 3077 ad

454 3122 737 3196 vehementiores
750 3122 899 3193 affectus
913 3121 1028 3215 magia
1040 3120 1209 3213 pertinet,
1222 3132 1261 3193 et
1271 3122 1380 3193 nimis
1393 3124 1506 3194 multa

451 3239 529 3337 jam
559 3240 605 3310 de
631 3238 776 3333 reliquis
806 3238 1010 3321 effudimus,
1039 3236 1172 3309 rectius
1198 3238 1331 3310 idcirco
1360 3238 1399 3308 in
1427 3240 1507 3309 haec

454 3354 602 3442 posthac
617 3352 872 3445 inquirendum
890 3350 970 3423 erit.

456 3496 475 3522 “
490 3488 630 3547 dubitare.
672 3490 774 3565 Neque
789 3500 886 3547 tamen
901 3488 1065 3567 negandum
1080 3498 1133 3558 est,
1148 3488 1319 3566 AEachylum
1332 3490 1359 3547 lr.
1375 3488 1395 3547 l.
1409 3506 1505 3547 reram

456 3592 475 3619 “
489 3602 623 3643 sensuum
638 3584 827 3643 brintanorum
843 3596 974 3643 namram
985 3583 1170 3663 expressisse.
1209 3585 1258 3644 rit
1277 3585 1356 3645 enim
1377 3604 1505 3663 saepenu-

455 3690 475 3715 “
490 3700 578 3749 mero,
587 3692 620 3739 nt
629 3682 741 3739 animur
756 3682 850 3759 magni
866 3680 985 3759 alicuius
996 3680 1065 3740 boni
1076 3680 1215 3740 desiderio
1225 3683 1356 3761 flagrans,
1368 3680 1395 3739 id
1411 3682 1505 3759 ipsum

455 3786 475 3813 ‘⁶
491 3776 582 3837 multo
603 3775 718 3854 propius
736 3790 786 3837 aut
800 3778 911 3837 facilius
928 3797 991 3837 ease
1010 3780 1108 3858 fingat,
1122 3800 1208 3857 quam
1223 3799 1319 3837 revera
1332 3778 1370 3837 sit
1382 3790 1433 3837 aut
1446 3778 1505 3837 fieri

455 3884 473 3913 ‘⁸
489 3872 596 3954 possit,
620 3873 695 3931 idem
712 3886 808 3933 tamen
827 3888 945 3955 repente
965 3873 1002 3944 id,
1018 3876 1094 3952 qnod
1109 3875 1155 3934 vix
1173 3874 1230 3935 fieri
1247 3895 1331 3955 posse
1349 3874 1505 3935 arbitraba·

455 3982 473 4019 ‘v‘
486 3984 540 4041 tur,
560 3983 713 4039 assecutus,
736 3971 864 4033 dubitare
884 3971 1012 4051 incipiat,
1034 3992 1068 4033 ac
1089 3971 1133 4031 vix
1153 3972 1245 4032 oculis
1266 3974 1350 4032 fidem
1374 3972 1505 4032 habea&

456 4069 568 4131 &aare
584 4068 685 4127 Comm.
701 4071 732 4125 ia
746 4068 796 4127 loc.
