3559 5575
533 571 577 641 60
908 571 1031 638 PARS
1053 572 1215 638 PRIMA
1422 575 1538 641 Pur..
1555 577 1594 640 V.

533 749 685 822 mortale
697 746 928 820 deducimur!
950 746 1073 819 Tanto
1085 745 1220 819 scilicet
1236 745 1275 818 in
1288 745 1497 820 discrimine
1514 749 1595 841 ipsa

532 862 712 937 exercitius
737 873 921 935 armatura
936 863 1131 957 exponitur
1146 863 1412 957 particulatim
1437 865 1593 960 adjectis

531 981 643 1053 etiam
662 979 706 1052 iis
723 1003 806 1075 quse
831 978 870 1050 in
896 1001 1028 1075 magno
1045 989 1147 1052 motu
1172 989 1323 1053 armatae
1345 980 1593 1054 multitudinis

531 1119 710 1192 nusquam
726 1119 800 1169 non
816 1094 1000 1169 eveniunt.

618 1270 672 1343 Ὦς
684 1265 747 1332 τέτι
762 1266 894 1352 ταρῲιιαδ
909 1263 1027 1350 κέρνδις,
1042 1261 1171 1351 λαμτρδν
1185 1261 1343 1350 γανέινσιιι,
1655 1308 1656 1371 p

620 1375 703 1448 Νηῶν
718 1366 878 1456 ἐκφορέοντο
893 1367 942 1431 καδ
956 1363 1071 1442 ἁστέδις
1085 1363 1300 1450 ὀμφαλόεσσαι,

620 1471 754 1562 Θοέιρηκές
767 1497 798 1540 τι
813 1469 1035 1558 κραταιγύαλοι,
1051 1470 1100 1534 nai
1113 1468 1226 1552 μνέλινα
1242 1471 1335 1556 δοῦρα·

619 1575 715 1663 Αἴγλη
729 1578 751 1638 δ’
767 1575 877 1663 οὖρανδν
888 1574 944 1655 iar,
958 1573 1090 1660 γέλασσι
1105 1574 1132 1637 δὲ
1147 1579 1229 1638 πᾶσα
1242 1573 1304 1660 τιρδ
1315 1571 1394 1660 χδιδν

619 1683 740 1744 Χαλκοῦ
754 1679 805 1743 tut
819 1683 965 1765 στιροτῆς,
980 1678 1031 1742 tet
1045 1677 1073 1741 δέ
1088 1674 1190 1752 κτέτος
1204 1675 1306 1762 ὄρνυτο
1320 1674 1422 1739 τοσσδν

617 1783 748 1870 Ἀνδρῶν·
1282 1779 1401 1844 Ιιιιιιι.
1414 1783 1452 1842 Τ.
1467 1780 1545 1850 359.

532 1932 686 2006 Achillis
703 1943 823 2004 autem
842 1931 954 2025 ipsius
971 1931 1167 2006 terribilem
1179 1931 1344 2016 formam,
1355 1933 1488 2020 oculos,
1500 1933 1591 2004 den·

533 2059 599 2134 tes,
616 2048 773 2144 singulas
791 2071 972 2121 armorum
988 2060 1109 2146 partes
1126 2073 1173 2121 ex
1189 2047 1315 2119 ordine
1327 2047 1484 2132 indutas,
1498 2047 1590 2119 dum

533 2189 616 2261 quae
636 2176 836 2260 sequuntur
851 2166 952 2264 legit,
968 2168 1048 2263 quis
1065 2189 1138 2238 non
1155 2164 1224 2238 sibi
1239 2164 1384 2235 videtur
1399 2163 1535 2235 intueri
1550 2174 1591 2235 et

534 2281 637 2378 quasi
647 2293 801 2356 tremere
812 2284 928 2356 futuri
937 2281 1233 2377 exspectatione?
1252 2281 1391 2354 Locum
1404 2279 1592 2375 integrum

534 2421 712 2494 apponere
730 2399 898 2495 quoniam
923 2423 988 2495 per
1004 2410 1147 2492 tempus
1172 2422 1245 2469 non
1270 2396 1366 2481 licet,
1383 2419 1428 2467 ea
1442 2404 1591 2467 tantum

533 2513 764 2610 inspiciamus
792 2541 875 2616 quae
904 2515 1086 2612 praecipue
1112 2515 1159 2588 ad
1187 2539 1265 2588 rem
1292 2521 1509 2608 presentem
1537 2512 1593 2583 sa-

534 2632 647 2708 ciunt.

622 2781 764 2863 Κνημιδας
778 2780 830 2863 μὶν
843 2784 943 2867 πρῶτον
956 2783 1017 2865 rapi
1032 2778 1167 2868 κνήμῃσιν
1182 2777 1258 2859 ihus

622 2883 740 2960 Καλδς,
755 2880 931 2967 ἀργυρέοισιν
941 2880 1112 2969 έτισῴιιρέοις
1126 2879 1273 2970 ἀραρυίας·

622 2980 756 3067 Διότιρον
771 2982 819 3062 αδ,
834 2981 942 3070 διέρηκα
956 2984 1017 3072 rapi
1032 2984 1180 3063 στήδεσσιν
1194 2982 1295 3049 iturus·

619 3084 714 3165 'Aper
729 3086 750 3147 t
766 3082 809 3170 ἄρ’
822 3082 938 3167 ὤμοισιν
951 3086 1059 3166 βάλετο
1072 3084 1154 3165 ficos
1168 3086 1353 3175 ἀργυρόηλον,

538 3222 544 3229 ·
622 3185 764 3253 Χέλκιον·
784 3190 874 3273 αὐτὰρ
889 3187 985 3253 burra
999 3188 1088 3264 σιἰκος
1102 3188 1183 3278 μέγα
1196 3216 1239 3269 τι,
1254 3184 1391 3275 στιβαρέν
1404 3212 1436 3252 τι

541 3318 545 3331 ν
623 3287 737 3369 Eiuro,
752 3290 837 3355 τοῦδ
853 3289 987 3355 ἀτάνινδι
1002 3288 1091 3365 σέλας
1104 3290 1193 3377 γένντ’
1208 3288 1273 3369 ήδτι
1285 3289 1378 3371 μήνης.

1285 3392 1400 3457 laun.
1414 3396 1454 3457 Τ.
1469 3390 1546 3463 869.

535 3554 631 3629 Tum
656 3556 809 3652 galeam,
823 3554 969 3628 cristam
993 3554 1182 3644 minacem,
1200 3558 1341 3627 hastam
1359 3579 1502 3651 quoque
1526 3580 1595 3650 pa-

534 3682 674 3746 ternam
699 3697 748 3744 ex
776 3675 883 3746 theca
909 3672 1053 3767 propria
1079 3696 1187 3745 manu
1215 3682 1398 3766 sumptam
1424 3672 1594 3745 similiter

534 3796 706 3872 recenset,
723 3797 761 3859 et
778 3788 956 3860 horrenda
971 3789 1041 3861 riri
1055 3788 1214 3886 imagine
1231 3790 1446 3863 adumbrata
1468 3789 1508 3861 in
1533 3814 1593 3861 ar·

533 3902 602 3975 mis
627 3903 861 3993 decurrentis,
888 3903 1061 3978 comitum
1084 3906 1206 3991 etiam,
1231 3931 1341 4002 equos
1364 3908 1412 3981 ed
1440 3930 1591 3980 currum

529 4019 774 4119 jungentium,
791 4020 949 4118 singulos
965 4032 1087 4121 gestus
1103 4024 1341 4120 persequitur.

615 4171 731 4250 ’Ίττοιις
744 4174 766 4237 δ’
781 4174 947 4259 Αὔτομέδιον
960 4202 992 4241 τι
1007 4177 1055 4241 xci
1064 4174 1207 4261 Ἄλκιμος
1222 4176 1408 4261 ἀμφιέποντες

622 4274 798 4362 Ζεέγνιισοιν,
813 4277 888 4360 &ppt
904 4278 931 4341 ii
947 4281 1025 4342 καλοὶ
1040 4276 1151 4343 λέπαδν’
1166 4278 1244 4344 ἴσαν·
1268 4280 1337 4343 &stt
1350 4279 1489 4365 χαλινοὺς

620 4380 793 4465 raptati&
809 4379 923 4459 έβαλον,
940 4386 1017 4446 κατὰ
1031 4382 1054 4445 δ’
1069 4380 1130 4460 iria
1144 4384 1235 4448 τιῑνοιν
1248 4379 1358 4446 δτέσσοι

621 4486 770 4561 Κολλήτδν
782 4482 845 4547 τοτδ
860 4482 964 4568 δίφρον·
986 4488 1001 4548 δ
1015 4486 1038 4548 δ’
1052 4483 1096 4573 ἄρ’
1110 4484 1247 4572 μάστιγα
1262 4488 1375 4565 Φαιινήν
