3559 5575
370 164 604 229 Pacu..
637 158 953 229 XXVII.
1082 160 1214 228 DE
1259 160 1888 228 AFFECTIBUS.
2353 161 2487 229 84⁷

367 329 595 433 igitur
642 361 786 409 non
834 346 1076 408 movet
1117 337 1346 429 pietas
1392 336 1517 408 illa
1549 336 2046 409 Romanorum
2086 333 2365 431 (patris,
2399 342 2488 405 ut

368 453 678 539 videtur,
712 463 788 526 et
820 453 980 548 filii)
1020 453 1095 523 in
1150 463 1500 524 matronae
1551 453 1835 524 tumulo
1886 451 2266 544 insculpta,
2318 473 2487 544 quae

366 570 577 642 alteri
610 579 766 642 erat
799 569 984 656 avia,
1018 579 1251 641 mater
1282 568 1532 640 alteri!

366 734 544 800 Vale.
572 752 658 802 et.
689 734 897 801 Salve.
929 733 1190 799 Anima.
1220 733 1562 822 C.Oppiae.
1596 732 1844 798 Felicis,
1875 734 2035 798 Nos.
2068 756 2170 800 e0.
2202 732 2343 801 ord.

629 861 782 925 quo.
811 850 1062 902 natura.
1094 836 1466 922 permiserit.
1502 851 1588 933 te.
1618 858 1979 923 sequemur.
2014 835 2192 901 Vale.

980 939 1215 1001 Mater.
1247 935 1650 1002 Dulcissima.

717 1038 874 1105 Aul.
908 1038 1217 1106 Niconius
1242 1052 1308 1104 et
1338 1041 1487 1104 Sex.
1516 1039 1755 1105 Nibon.
1785 1037 1948 1103 Aul.
1981 1040 2064 1105 F.

862 1170 871 1179 ·
1796 1141 2121 1207 Fun-rw.
2149 1161 2213 1228 p.
2244 1143 2397 1210 271.

471 1301 757 1394 Quippe
802 1301 1054 1373 eadem
1097 1302 1324 1375 ferme
1359 1311 1470 1373 est
1503 1324 1749 1374 eorum
1787 1301 1972 1373 ratio
2006 1323 2169 1396 quae
2202 1301 2278 1373 in
2317 1301 2484 1372 Pal-

366 1417 584 1490 lantis
614 1417 868 1488 funere
899 1414 1164 1488 AEneas
1187 1419 1344 1513 jam
1379 1416 1814 1488 discessurus
1847 1416 2189 1510 loquitur,

457 1589 595 1652 Nos
620 1586 772 1652 alias
797 1586 946 1651 hinc
973 1585 1055 1652 ad
1085 1585 1390 1668 lacrimas,
1418 1587 1638 1651 eadem
1668 1585 1929 1651 horrida
1955 1585 2143 1665 bella,

461 1690 618 1755 Fata
644 1704 889 1754 vocant.
981 1687 1165 1754 Salve
1191 1703 1500 1754 aeternum
1529 1689 1709 1789 ιῐιίΙιί,ἱ
1740 1692 2039 1754 maxume
2070 1687 2276 1768 Palla,

461 1791 934 1878 AEternumque
962 1789 1153 1855 Vale!
1912 1791 2079 1857 ΑΕΗ.
2114 1791 2254 1858 XI.
2286 1791 2391 1861 96.

372 1954 802 2027 Decantatae
837 1954 1178 2026 nimirum
1212 1955 1541 2025 formulae
1576 1954 1724 2024 vim
1769 1953 1974 2027 addit
2007 1956 2318 2050 querela,
2353 1978 2481 2026 no-

372 2094 499 2142 vas
550 2092 841 2141 manere
892 2093 1098 2140 curas
1148 2069 1284 2140 sibi
1328 2070 1713 2152 obeundaS‚
1748 2071 1975 2141 altero
2012 2072 2168 2164 jam
2202 2068 2484 2162 placida

375 2186 616 2280 quiete
666 2184 1080 2277 composito.
1183 2185 1398 2267 Quod
1444 2184 1735 2278 quidem
1785 2185 1979 2255 haud
2020 2186 2164 2256 scio
2199 2209 2291 2257 an
2325 2187 2485 2279 pul-

374 2301 614 2374 chrius
647 2301 1098 2394 nobiliusque
1131 2299 1225 2371 sit
1252 2302 1343 2372 ab
1370 2299 1626 2372 Italico
1659 2323 2100 2392 expressum,
2126 2301 2248 2372 ubi
2279 2302 2486 2372 Han-

373 2419 684 2490 nibalem
720 2417 896 2488 facit
930 2427 1091 2509 post
1125 2417 1577 2489 Cannensem
1621 2417 1900 2488 cladem
1935 2416 2248 2489 Romani
2295 2418 2485 2492 Con-

374 2534 546 2607 sulis
589 2534 806 2608 funus
850 2556 1255 2626 procurare,
1290 2543 1364 2605 et
1397 2554 1573 2628 rogo
1606 2533 2013 2605 adstantem
2048 2533 2480 2608 sententiam

373 2651 486 2723 his
520 2650 751 2722 verbis
785 2659 1205 2743 conceptam
1241 2650 1515 2722 efferre.

549 2798 608 2873 1,
640 2797 832 2862 decus
860 2797 1195 2878 Ausoniae,
1226 2820 1358 2883 quo
1385 2796 1483 2862 fas
1511 2810 1605 2863 est
1633 2796 1725 2861 ire
1755 2798 2059 2886 superbas

548 2898 800 2964 Virtute
828 2913 892 2963 et
919 2899 1101 2963 factis
1129 2897 1405 2963 animas:
1455 2899 1570 2963 tibi
1598 2898 1802 2986 gloria
1828 2897 1956 2963 leto

546 3003 595 3066 J
597 3024 699 3066 am
729 3016 913 3087 parta
937 2999 1201 3086 insigni:
1249 3013 1495 3064 nostros
1525 3001 1816 3064 Fortuna
1843 2999 2088 3063 labores

548 3105 773 3168 Versat
802 3101 1034 3180 adhuc,
1064 3123 1373 3188 casusque
1393 3101 1581 3189 jubet
1611 3099 1847 3164 nescire
1877 3101 2150 3164 futuros·

1918 3203 2096 3266 Pun.
2126 3202 2212 3267 X.
2244 3205 2397 3271 5¹72.

473 3338 798 3410 Plurima
831 3347 1002 3410 sunt
1035 3347 1526 3422 monumenta,
1560 3359 1794 3430 neque
1827 3360 1912 3409 ea
1953 3337 2243 3432 quidem
2292 3362 2485 3432 sper-

374 3455 633 3537 nenda,
683 3454 757 3525 in
812 3454 1070 3548 quibus
1124 3453 1523 3527 viventium
1582 3453 1811 3546 pietas
1870 3465 1945 3525 et
1995 3476 2231 3525 merus
2280 3456 2482 3530 dolor

374 3572 798 3643 declaratur.
854 3572 1015 3642 Hoc
1043 3580 1285 3643 autem
1311 3570 1386 3640 in
1412 3588 1677 3665 genere
1703 3570 2063 3664 praecipue
2088 3571 2478 3645 videndum

373 3696 506 3769 est,
540 3709 633 3757 ne
665 3686 741 3756 in
777 3685 1057 3782 Elegiae
1099 3685 1405 3756 formam
1447 3684 1709 3757 sensim
1752 3687 2112 3769 abeamu3‚
2147 3687 2320 3758 dum
2370 3688 2482 3758 in-

371 3800 588 3874 timos
614 3801 837 3873 animi
862 3826 1108 3873 sensus
1135 3810 1465 3872 accurate
1486 3801 1816 3895 persequi
1831 3804 2069 3896 juvat.
2122 3802 2261 3875 Est
2285 3803 2478 3873 enim

373 3918 688 3990 tristitiae
732 3918 1100 4012 proprium
1140 3940 1295 3989 rem
1335 3917 1638 3989 dicendo
1672 3920 1979 4002 trahere,
2013 3928 2089 3992 et
2122 3917 2481 4011 proposito

372 4034 670 4121 haerere,
691 4045 766 4105 et
787 4032 943 4105 fuse
970 4032 1182 4104 nimis
1208 4032 1382 4125 quid
1407 4032 1603 4103 intus
1627 4033 1892 4104 sentiat
1918 4031 2212 4126 aperire.
2266 4031 2481 4103 Unde

3287 1341 3316 1368 Δ
3280 1186 3318 1281 -έ
3281 1036 3320 1135 ’.δ’
3279 782 3318 993 *ΗᾸῩΟ
3279 656 3318 723 *-
3292 558 3320 594 ⁴1
