3559 5575
491 113 559 178 800
820 106 941 172 PARS
965 103 1190 170 SECUNDA
1267 103 1383 167 Pur..
1402 101 1563 169 xxm
1661 106 1662 133 ¹

493 283 651 379 imagine
668 279 788 374 aliqua
804 277 941 352 diutius
956 278 1063 350 solito
1078 300 1153 370 pra
1164 274 1277 348 oculis
1289 275 1463 369 obtenta)
1475 299 1564 348 aen-

494 396 647 470 tentium
662 397 769 490 longe
785 393 1017 466 efficaciorem
1035 393 1198 464 reddent.
1234 391 1453 485 Cujusmodi
1471 401 1564 464 sunt

493 537 618 584 versus
631 511 779 583 Cboerili
792 521 921 602 poetae,
931 508 1163 603 quantumvis
1176 507 1390 578 abHoratio
1401 508 1562 578 infamia

493 640 651 711 notetur,
680 627 719 697 in
753 626 883 720 quibus
912 625 1132 719 jampridem
1160 633 1372 715 occupatam
1406 647 1562 696 omnem

494 770 640 840 poeseos
657 745 846 817 materiam
864 744 972 816 dolet.

576 931 618 992 *A
631 929 732 1012 μάκαρ
747 927 822 1002 ὅστις
838 926 880 1003 ἔην
895 930 981 990 κεῖνον
992 926 1092 1014 χρόνον
1104 927 1175 1012 ἴδρις
1188 928 1296 1006 ἀοιδὰ,

582 1031 726 1096 Μουσάων
741 1029 874 1118 θεράπων,
890 1027 928 1091 ὅτ’
944 1026 1135 1114 intimastis
1151 1028 1192 1091 ἔτι
1206 1027 1321 1108 λαιμὸν,

583 1138 646 1198 Niu
659 1133 681 1195 δ’
697 1131 741 1195 δτι
756 1131 850 1194 πάντα
866 1132 1008 1206 δέδασται,
1025 1130 1124 1217 ἔχουσι
1139 1132 1167 1194 δὲ
1182 1131 1302 1213 πείρατα
1316 1129 1434 1215 τέχναι,

577 1233 719 1298 'Toretai
733 1231 807 1296 aiore
821 1231 919 1319 δρόμου
934 1233 1162 1316 serenianum,
1178 1232 1240 1296 οὐδέ
1250 1257 1294 1297 τοι
1310 1231 1392 1294 ἔσται

583 1338 684 1414 llam
699 1335 889 1400 παπταίνοντα
904 1335 1028 1421 νεοζυγῖς
1041 1334 1122 1420 ἅρμα
1134 1336 1291 1400 πελάσσαι.

496 1505 588 1587 Quae
605 1501 695 1573 mibi
711 1500 857 1596 quidem
873 1500 985 1572 etiam
1002 1501 1207 1595 pulchriora
1223 1500 1392 1572 videntur
1407 1498 1455 1572 iis
1471 1523 1556 1594 qnae

496 1621 533 1690 in
552 1617 629 1712 pari
644 1641 684 1688 re
701 1616 856 1688 effundit
873 1615 1069 1712 Virgilius:

584 1788 708 1850 Caetera
721 1807 795 1871 quae
809 1807 925 1849 vacuas
940 1784 1112 1850 tenuissent
1126 1784 1266 1849 carmina
1279 1797 1400 1848 mentes

584 1886 701 1952 Omnia
710 1887 777 1974 jam
792 1885 934 1974 vulgata.
979 1887 1060 1966 Quis
1074 1900 1131 1950 aut
1146 1886 1330 1974 Eurysthea
1342 1885 1475 1962 durum,

585 1994 657 2055 Aut
668 1987 811 2054 illaudati
826 1987 924 2053 nescit
938 1988 1095 2053 Busiridis
1108 1993 1201 2052 aras?

586 2093 650 2158 Cui
662 2114 726 2156 non
740 2089 844 2156 dictus
859 2089 965 2180 Hylas
978 2113 1069 2180 puer,
1084 2103 1117 2156 et
1131 2089 1269 2155 Latonia
1282 2087 1392 2167 Delos,
1408 2091 1466 2154 &a

1236 2193 1370 2257 Gnoso.
1388 2192 1462 2257 111.
1478 2195 1511 2257 3.

548 2352 637 2423 Dixi
659 2351 824 2446 equidem
842 2351 1035 2447 Virgilium
1061 2354 1152 2426 adeo
1175 2355 1222 2424 ab
1246 2352 1369 2445 inepto
1394 2352 1493 2423 fastu
1517 2362 1555 2424 et

499 2491 629 2560 pompa
654 2469 855 2538 scholarum
881 2468 1105 2552 abstinuisse,
1125 2480 1168 2540 ut
1184 2491 1266 2539 raro
1288 2467 1344 2537 his
1366 2467 1555 2538 sententiis

499 2591 666 2674 poemata
682 2605 747 2653 sua
764 2579 939 2678 distingui
956 2584 1110 2655 studeat.
1161 2583 1269 2668 Quod
1290 2581 1343 2653 ita
1360 2591 1483 2653 tamen
1502 2582 1557 2652 in·

499 2698 683 2770 tellectum
711 2697 830 2783 velim,
859 2710 903 2769 ut
929 2699 1025 2793 quod
1053 2699 1176 2772 caeteri
1201 2699 1370 2793 imperite
1398 2723 1465 2770 suo
1495 2722 1556 2770 one

494 2816 648 2913 jaetant,
664 2814 741 2907 ipse
756 2815 916 2907 personis
933 2815 1081 2900 tribuat,
1098 2826 1136 2888 et
1153 2816 1242 2888 scite
1258 2816 1482 2887 sermonibus
1501 2815 1557 2885 in·

500 2940 612 3002 texat.
664 2932 905 3013 Quamobrem
923 2955 993 3003 non
1014 2932 1119 3003 modo
1141 2932 1212 3004 ista
1229 2942 1332 3003 vacat
1353 2933 1459 3024 culpa
1485 2954 1556 3024 qna

500 3046 623 3119 caeteri
647 3056 831 3131 notantur,
850 3047 912 3119 sed
931 3047 1004 3116 vim
1021 3070 1163 3141 quoque
1180 3058 1218 3119 et
1234 3047 1449 3145 gravitatem
1471 3046 1556 3117 inde

501 3162 722 3233 sermonibus
739 3162 824 3256 ipsis
837 3162 1069 3254 comparavit.
1095 3162 1224 3257 Neque
1239 3165 1311 3234 ulla
1327 3163 1365 3233 in
1383 3187 1423 3234 re
1440 3162 1556 3258 magis

500 3277 596 3348 inter
621 3302 658 3348 se
684 3278 874 3349 Lucanum
899 3288 988 3369 puto
1013 3290 1051 3349 et
1066 3278 1261 3375 Virgilium
1281 3279 1427 3364 matare,
1445 3303 1557 3373 quam

501 3393 598 3486 quod
613 3393 674 3464 ille
690 3393 786 3465 docti
804 3394 1034 3485 praeceptoris
1051 3395 1186 3466 famam
1203 3418 1317 3488 usque
1334 3406 1556 3488 aucupetur;

500 3507 560 3578 hio
585 3517 705 3579 autem
733 3518 869 3593 contra,
894 3509 990 3602 quod
1016 3509 1083 3580 sibi
1108 3511 1236 3582 merito
1261 3520 1381 3603 posset
1403 3534 1556 3594 sumere,

501 3624 624 3695 sedulo
640 3624 773 3707 evitet3
791 3636 828 3696 et
839 3624 1000 3717 impense
1016 3625 1079 3697 det
1095 3649 1252 3718 operam,
1264 3636 1307 3696 ut
1322 3626 1399 3697 sine
1416 3636 1504 3722 toga
1520 3638 1557 3699 et

500 3740 640 3811 inoessu
657 3739 865 3812 scholastico
882 3739 1116 3835 pbilosopbiae
1132 3742 1206 3813 vim
1223 3742 1363 3813 induat.

551 3854 647 3927 Satis
664 3878 736 3927 nno
752 3866 816 3929 aut
832 3858 946 3929 altero
961 3857 1120 3931 carmine
1136 3859 1318 3953 propodto
1333 3857 1432 3952 qnod
1450 3856 1556 3929 velim

501 3969 648 4060 patebit.
