3559 5575
951 81 1086 146 308
1655 73 1897 139 PARS
1945 72 2397 138 SECUNDA
2529 73 2761 139 Pam.
2792 73 3082 141 XXIV.

1126 249 1258 312 Est
1284 246 1409 324 In'c,
1436 253 1532 311 est
1554 245 1817 310 animus
1843 244 2005 310 lueis
2033 252 2441 331 contemptor,
2467 250 2534 310 et
2554 245 2756 309 ἱεήηπ

1132 350 1259 425 Qui
1284 349 1424 412 vita
1450 348 1600 412 bene
1625 347 1846 412 credat
1873 348 2020 425 emi,
2049 368 2171 432 quo
2202 347 2431 426 tendis,
2458 347 2778 413 honorem.

2469 447 2629 512 AEN.
2663 449 2802 513 IX.
2833 451 2986 513 201.

1051 598 1290 679 Quam
1331 595 1624 689 quidem
1661 595 2006 667 virtutem
2051 618 2218 666 cum
2263 595 2338 665 in
2376 596 2687 692 Virgilio
2737 609 2896 672 tum
2948 618 3078 692 po-

953 713 1306 786 tissimum
1343 713 1421 783 in
1435 709 1441 714 ’
1457 713 1779 784 Homero
1814 716 2095 784 elucere
2129 712 2303 784 satis
2337 724 2660 796 constat;
2694 738 2956 807 nempe
2989 726 3076 786 ut

951 829 1270 925 personis
1303 831 1435 900 has
1466 839 1706 922 partes
1743 831 2086 902 mandare
2121 853 2339 922 quam
2373 830 2513 923 ipsi
2546 853 2669 902 eas
2716 831 3078 924 suscipene

954 946 1233 1018 malint.

1057 1176 1246 1247 Sunt
1295 1175 1619 1268 profecto
1670 1175 2016 1245 nonnulla
2059 1198 2225 1267 quae
2272 1197 2317 1244 a
2349 1173 2524 1245 vitae
2558 1175 3077 1248 consuetudine

955 1300 1246 1363 tantum
1299 1292 1583 1372 absunt,
1617 1298 1703 1361 ut
1737 1288 2003 1360 nullius
2049 1289 2365 1362 moribus
2410 1289 2772 1382 praecipue
2819 1314 3079 1362 conve-

954 1406 1186 1489 niant,
1222 1405 1347 1475 sed
1380 1428 1546 1497 quae
1579 1415 1929 1497 tanquam
1964 1426 2097 1475 sua
2130 1415 2387 1498 sponte
2418 1405 2725 1500 grandia
2756 1416 2887 1479 aut
2920 1428 3076 1500 spe-

957 1521 1150 1593 ciosa
1183 1520 1664 1592 admiramur:

1221 1655 1405 1722 Εἷκῶν
1435 1658 1490 1721 ὃὸ
1519 1656 1794 1738 βασιλεύς
1824 1661 1975 1721 ἐστιν
2007 1656 2269 1745 ἔμψυχος
2299 1657 2434 1720 θεοῦ.

958 1787 1064 1859 Et
1096 1787 1275 1858 illud
1308 1787 1602 1858 Senecae
1635 1785 1809 1857 satis
1845 1785 2137 1879 quidem
2172 1786 2674 1870 ambitiosum;

1649 1921 1922 1986 Victima
1952 1921 2125 1986 haud
2154 1921 2286 1986 ulla
2312 1921 2582 2010 amplior

1224 2029 1465 2105 Potest,
1496 2024 1825 2112 magisque
1852 2023 2066 2112 opima
2095 2025 2353 2089 mactari
2382 2026 2431 2088 J
2433 2024 2535 2088 ovi

1223 2133 1433 2210 Quam
1461 2152 1575 2194 rex
1601 2129 1878 2215 iniquus.
2248 2128 2436 2192 ΗΕΒ.
2470 2129 2652 2193 Fon.
2686 2127 2806 2192 IV.
2837 2131 2985 2197 922.

960 2259 1311 2353 Ejusdem
1343 2260 1492 2331 fere
1521 2258 1803 2354 generis
1846 2268 2014 2329 sunt
2048 2257 2471 2352 gravissima
2519 2259 2645 2329 illa
2686 2258 2777 2330 de
2829 2259 3081 2333 officiis

959 2372 1293 2444 humanis
1353 2383 1739 2465 praecepta,
1793 2397 1958 2466 quae
2018 2373 2187 2443 licet
2244 2375 2607 2444 nullorum
2675 2376 3081 2466 praesertim

959 2498 1365 2581 temporum
1407 2499 1533 2560 aut
1568 2512 2034 2581 personarum
2068 2488 2453 2559 videantur
2486 2490 2795 2582 propria,
2829 2502 3079 2563 tamen

959 2604 1313 2717 dignitate
1349 2628 1433 2675 ac
1467 2605 1783 2696 pondere
1819 2628 1947 2676 suo
1982 2604 2230 2677 statim
2266 2606 2460 2676 dicta
2493 2591 2889 2698 percelluni
2922 2608 3079 2678 ani-

962 2741 1184 2791 mum.

1483 2839 1832 2928 Ambiguae
1861 2840 1911 2906 si
1941 2840 2201 2927 quando
2228 2840 2499 2907 citabere
2527 2842 2702 2907 testis

1138 2944 1535 3032 Incertaeque
1563 2943 1675 3023 rei,
1709 2943 1999 3007 Phalaris
2027 2942 2174 3007 licet
2202 2944 2489 3031 imperet,
2520 2958 2596 3009 ut
2623 2945 2707 3009 sis

1135 3047 1384 3127 Falsus,
1407 3062 1471 3112 et
1498 3047 1757 3112 admoto
1786 3046 1981 3112 dictet
2010 3046 2290 3133 perjuria
2319 3061 2526 3128 tauro,

1137 3151 1474 3215 Summum
1502 3150 1686 3216 crede
1716 3150 1893 3214 nefas
1921 3148 2193 3213 animam
2222 3150 2524 3236 praeferre
2549 3148 2805 3237 pudori,

1134 3253 1228 3316 Et
1255 3266 1514 3341 propter
1545 3253 1738 3317 vitam
1769 3250 2024 3316 vivendi
2052 3250 2317 3338 perdere
2344 3274 2584 3316 causas,

2448 3357 2612 3420 Juv.
2643 3355 2849 3421 VIII.
2880 3358 2987 3421 80.

963 3484 1070 3556 Et
1101 3483 1242 3555 ista
1272 3484 1547 3556 robusti
1581 3507 1751 3555 sane
1784 3484 2060 3581 ingenii
2093 3486 2366 3577 proles;

1136 3646 1393 3710 Fortem
1425 3667 1610 3731 posce
1637 3644 1916 3710 animum
1948 3644 2167 3709 mortis
2197 3658 2431 3710 terrore
2458 3659 2810 3719 carentem;

1137 3747 1263 3829 Qui
1295 3747 1567 3835 spatium
1602 3747 1746 3813 vitae
1775 3759 2131 3812 extremum
2160 3747 2326 3812 inter
2353 3771 2618 3813 munera
2645 3760 2841 3836 ponat

1133 3855 1198 3919 N
1201 3866 1424 3930 aturae,
1454 3851 1568 3940 qui
1595 3852 1758 3917 ferre
1788 3863 1981 3939 queat
2008 3874 2423 3938 quoscunque
2451 3852 2718 3933 laboroe,

1138 3955 1394 4021 Nesciat.
1419 3953 1621 4034 irasci,
1652 3954 1868 4041 cupiat
1896 3952 2077 4033 nihil,
2103 3967 2167 4017 et
2196 3953 2469 4040 potiores
