3559 5575
511 621 804 687 anmascuro
829 621 1000 712 aaran,
1260 629 1283 688 a

220 797 313 866 hanc
347 817 424 867 rem
458 794 690 892 ingredienti,
724 807 909 892 utcunque
943 797 980 867 in
1015 798 1156 869 caeteris
1191 801 1282 870 bene

220 911 347 994 fidenti
369 935 514 984 auarum
535 911 666 984 virium
689 913 928 1006 suspicionem
953 925 1131 985 moveant.
1183 914 1281 986 Nam

219 1039 262 1101 ut
294 1029 385 1100 illud
413 1029 491 1123 jam
525 1030 814 1122 praetermittam,
844 1030 1007 1122 quadiu
1039 1039 1135 1102 coetu
1164 1052 1280 1124 neque

220 1145 417 1240 agrestium
433 1167 551 1240 neque
567 1146 859 1230 adolescentium,
873 1146 937 1218 sed
949 1147 1137 1218 doctorum
1150 1155 1188 1218 et
1199 1169 1281 1242 gra·
1316 1238 1320 1247 ¹

219 1259 445 1333 vissimorum
463 1263 662 1347 hominum,
678 1263 725 1334 de
742 1263 840 1334 omni
857 1287 898 1335 re
915 1261 1061 1334 Poetioe
1082 1263 1279 1355 disputare,

220 1379 377 1474 vulgans
390 1401 462 1451 non
476 1389 531 1452 eat
544 1403 600 1452 res
613 1379 796 1451 facultatis
814 1389 878 1452 aut
891 1379 1080 1450 mediocris
1092 1378 1278 1458 doctrinae,

220 1515 346 1565 verum
362 1503 406 1566 ut
422 1495 501 1566 haec
516 1494 556 1565 in
573 1517 730 1588 praesens
747 1506 899 1579 taceam,
916 1494 990 1566 duo
1011 1505 1098 1566 sunt
1113 1517 1196 1588 quae
1220 1517 1279 1565 me

219 1633 354 1681 novum
371 1633 462 1704 opus
481 1612 785 1703 contemplantem
807 1610 991 1702 praecipue
1014 1609 1193 1680 solicitum
1216 1613 1280 1681 ha·

218 1726 384 1798 buerunt.
413 1802 418 1810 ,
437 1725 574 1810 Unum,
591 1727 688 1821 quod
712 1727 750 1796 in
774 1725 926 1798 materia
948 1737 1024 1798 tam
1047 1725 1177 1821 grandi
1202 1736 1278 1799 tam

217 1863 310 1935 pene
325 1841 468 1916 infinita
484 1843 685 1926 tractanda,
699 1863 742 1914 ea
758 1841 847 1912 mihi
866 1841 1063 1914 constituta
1078 1851 1134 1912 est
1150 1842 1222 1926 lex,
1236 1853 1278 1914 ut

218 1958 325 2030 unius
340 1959 416 2031 fere
432 1969 496 2031 aut
511 1959 666 2030 duarum
684 1958 730 2029 ad
747 1957 945 2052 plurimum
964 1958 1171 2054 linguarum
1193 1981 1278 2030 con-

218 2074 343 2162 cludar
359 2073 543 2146 terminis:
570 2075 739 2169 quoniam
757 2073 827 2147 ista
839 2077 918 2170 jam
934 2073 1022 2145 olim
1038 2097 1062 2145 a
1082 2074 1277 2169 majoribus

216 2201 363 2284 recepta
377 2203 433 2263 est
449 2193 680 2274 consuetudo,
698 2202 740 2265 ut
757 2190 930 2286 quicquid
946 2191 1043 2262 intra
1058 2192 1138 2262 haec
1155 2200 1277 2262 nostra

217 2308 418 2378 scholarum
432 2307 548 2400 spatia
559 2307 597 2378 in
611 2307 770 2378 medium
781 2307 996 2400 proferatur,
1007 2303 1077 2376 nisi
1088 2306 1277 2378 accesserit

217 2421 342 2493 Latini
359 2423 531 2494 sermonis
548 2421 676 2517 gratia
694 2421 732 2492 id
749 2443 856 2493 omne
872 2420 976 2514 quasi
993 2421 1083 2491 rude
1102 2420 1275 2514 quiddam

217 2546 326 2632 atque
352 2539 526 2610 absonum
556 2561 660 2609 aures
687 2537 815 2618 feriat;
840 2558 959 2629 neque
983 2537 1091 2606 ullius
1115 2559 1276 2628 unquam

217 2651 353 2746 linguae
370 2662 612 2744 praeterquam
629 2651 766 2721 Graecae
783 2649 1045 2720 admixtionem
1062 2652 1119 2722 vel
1141 2651 1277 2722 levissi-

218 2789 315 2839 mam
332 2765 502 2860 patiatur.

267 2883 398 2977 Itaque
409 2879 594 2953 habeadus
609 2890 663 2953 cst
675 2881 733 2952 hic
745 2882 858 2953 honos
870 2880 1096 2976 antiquitati:
1114 2884 1275 2975 pristinae

216 3021 259 3070 ac
278 2998 356 3093 jam
381 2996 592 3069 inveterate
616 2996 867 3068 consuetudini
891 3020 969 3069 mos
991 3008 1047 3069 est
1071 3000 1272 3093 gerendus:

216 3116 430 3207 Quanquam
457 3112 495 3183 in
525 3111 709 3205 principiis
736 3111 895 3185 Poeticae
924 3111 1028 3185 Artis
1057 3116 1273 3198 evolvendis,

216 3228 309 3301 siem
327 3228 476 3301 aliarum
494 3228 640 3315 artiurm
656 3228 746 3299 illud
768 3227 946 3321 imprimis
970 3229 1060 3299 utile
1083 3252 1159 3300 esse
1176 3231 1274 3301 vide-

214 3356 288 3430 tur,
302 3356 346 3417 ut
361 3343 536 3436 exemplis
553 3366 663 3437 quam
680 3343 838 3416 maxime
854 3343 1091 3416 familiaribus
1106 3356 1273 3429 utamur3

214 3486 262 3535 ne
283 3460 461 3553 exemplis
485 3460 728 3555 intelligendis
753 3472 964 3553 occupatam
995 3469 1153 3531 mentem
1180 3485 1273 3554 prae-

214 3586 323 3672 cepta
337 3577 417 3670 ipsa
432 3576 625 3669 aliquando
641 3574 794 3671 fugiant.
846 3574 965 3659 Quod,
982 3574 1039 3646 uti
1053 3577 1205 3662 caeteris,
1221 3602 1273 3648 arc

214 3693 306 3767 milri
322 3690 503 3787 praecipue
520 3691 718 3785 optandum
740 3691 845 3764 foret.
899 3690 1079 3775 Quoniam
1104 3694 1172 3765 hoc
1196 3693 1272 3788 ipse

214 3830 357 3881 mecum
375 3830 515 3902 semper
531 3817 740 3891 statueram,
758 3806 879 3901 utqui
896 3807 942 3879 de
957 3828 998 3878 re
1015 3806 1163 3880 Poetica
1182 3832 1272 3901 pra·

213 3933 323 4018 cepta
335 3924 494 3997 traderet
504 3924 680 4017 decerptis
692 3923 1271 3999 modulacisexPoetisillustrio-

213 4042 313 4115 ribus
330 4062 413 4135 quae
430 4049 495 4112 aut
510 4038 687 4123 sublimia
703 4048 768 4111 aut
785 4048 948 4123 venusta,
965 4048 1030 4111 aut
1046 4040 1202 4135 aliquam
1224 4044 1270 4113 ob

212 4178 359 4229 causam
376 4154 586 4227 wanda
602 4154 821 4238 viderentur,
838 4178 956 4249 neque
971 4178 1020 4227 ex
1039 4154 1117 4249 ipsa
1139 4156 1269 4227 mentis

213 4274 384 4345 humane
408 4282 541 4345 natura
565 4272 790 4366 depromeaet
815 4282 1039 4369 argumenta,
1065 4283 1103 4345 et
1123 4274 1269 4345 subtiles

201 4386 293 4463 'illas
322 4388 580 4483 ‹temtatiomm
609 4398 812 4463 nostrarum
842 4398 951 4483 atque
985 4389 1178 4461 affectuum
1213 4410 1269 4457 ra·

713 4511 779 4576 132
