3559 5575
302 264 559 328 Pium..
590 262 732 327 XI.
983 263 1116 325 DE
1168 262 1794 327 IMITATIONE.
2317 265 2445 328 155

429 434 788 507 Homines
822 458 992 506 sane
1026 435 1221 528 quod
1259 437 1528 507 alacres
1573 445 1648 507 et
1681 434 1926 528 cupidi
1971 435 2253 531 egerint
2285 460 2448 529 per-

307 575 514 644 saepe
548 562 795 623 actum
829 551 1023 623 dolet
1052 577 1069 622 ε
1123 561 1198 622 et
1232 562 1408 622 tunc
1443 551 1733 644 quidem
1775 551 2152 623 sententiis
2199 554 2448 647 hujus-

309 667 526 738 modi
559 676 762 760 patet
796 669 1013 738 locus·
1094 667 1331 737 Immo
1363 676 1440 738 et
1464 677 1635 739 ante
1665 690 1823 740 rem
1857 668 2127 739 factam
2160 677 2445 739 naturae

313 782 504 854 satis
538 784 895 866 convenit,
921 794 1009 855 ut
1032 807 1125 854 ne
1161 807 1331 854 mox
1363 783 1473 854 ira
1497 784 1895 876 abripiatur
1919 783 2290 876 provideat
2316 784 2447 855 ali-

316 899 516 993 quiS,
551 909 627 970 et
657 898 1160 971 inconstantiae
1193 922 1343 969 suae
1377 898 1793 991 praesidium
1841 899 2203 992 quoddam
2249 922 2446 971 com-

319 1017 576 1109 parari
628 1016 824 1086 velit.
932 1014 1024 1085 Id
1081 1015 1273 1106 quod
1331 1016 1807 1106 pulcherrime
1867 1013 2132 1086 Achilli
2188 1016 2447 1087 tribuit

332 1133 750 1212 Homerus;
800 1130 928 1223 qui
963 1129 1301 1200 Hectoris
1347 1131 1650 1201 cadaver
1683 1131 1998 1213 Priam0‚
2033 1132 2321 1202 tametsi
2370 1132 2450 1203 id

335 1247 808 1316 vehementer
841 1254 1020 1326 oret,
1055 1244 1331 1315 ostendi
1361 1256 1600 1327 vetat3
1643 1268 1737 1316 ne
1770 1246 2042 1316 scilicet
2075 1255 2453 1337 conspecto

336 1361 489 1431 filio
524 1359 760 1432 subito
793 1369 1193 1432 commotus
1236 1370 1445 1452 pater
1487 1361 1562 1431 in
1609 1359 1934 1431 convicia
1979 1369 2247 1430 temere
2295 1380 2457 1451 pro-

333 1488 651 1569 rumpat,
679 1500 843 1570 quae
877 1475 1008 1546 irae
1042 1498 1193 1546 suae
1225 1476 1417 1547 faces
1453 1476 1909 1559 admoveant,
1935 1499 2153 1569 seque
2186 1476 2280 1547 ad
2309 1473 2455 1544 vim

337 1593 493 1663 seni
526 1591 972 1664 inferendam
1007 1589 1325 1686 adigant.

443 1709 666 1779 Hunc
699 1717 943 1779 autem
975 1706 1050 1777 in
1086 1729 1400 1778 errorem
1432 1728 1949 1799 nonnunquam
1996 1704 2312 1779 incidere
2346 1707 2453 1777 vi-

341 1825 555 1896 detur
588 1821 998 1914 Euripides,
1033 1821 1205 1892 dum
1241 1822 1556 1892 fabulam
1591 1844 1847 1892 ornare
1880 1845 1966 1892 ac
2006 1822 2450 1918 distinguere

343 1936 718 2011 sententiis
751 1936 1309 2029 cupit—parum
1343 1936 1421 2007 id
1451 1937 1728 2009 interea
1761 1961 2042 2021 curans,
2075 1941 2452 2032 cujusnam

345 2080 467 2127 eas
526 2077 623 2124 ex
671 2075 793 2123 ore
839 2053 1178 2144 proferat.
1281 2053 1497 2123 Unde
1543 2053 1737 2123 enim
1780 2052 1923 2122 nisi
1957 2077 2053 2124 ex
2086 2055 2222 2124 hoc
2255 2053 2457 2124 fonte

351 2178 592 2240 ortum
644 2175 778 2248 est,
811 2165 1007 2257 quod
1037 2164 1341 2257 pessime
1371 2166 1550 2237 facit
1585 2165 1959 2237 mulierem
1991 2167 2082 2238 de
2118 2191 2294 2238 sexu
2330 2183 2459 2237 suo

349 2287 765 2378 loquentem
785 2281 822 2351 ἶ)

1047 2393 1201 2478 Πρὸς
1233 2392 1289 2455 δί
1319 2391 1414 2455 καὶ
1441 2391 1765 2475 πεφύκαμεν

524 2497 815 2570 Γυναῖκες,
847 2497 923 2568 εἷς
949 2495 1052 2576 μὲν
1082 2493 1230 2559 ἔσθλ’
1261 2493 1743 2580 &paxamis-urm,

524 2602 738 2661 Κακῶν
765 2598 822 2660 δὲ
851 2597 1072 2660 πάντων
1096 2593 1349 2670 τέκτονες
1377 2596 1723 2680 coph-rarae.
1990 2599 2183 2662 ΜΕῙ).
2219 2601 2371 2664 408.

345 2753 798 2845 alterumque
848 2750 1027 2823 illud
1077 2751 1292 2846 quod,
1328 2760 1411 2822 ut
1449 2773 1697 2823 verum
1749 2773 1903 2823 esse
1946 2752 2317 2840 concedas,
2351 2763 2462 2826 ta-

349 2893 518 2941 men
550 2879 833 2940 naturae
878 2892 1022 2941 non
1070 2878 1359 2940 tantum
1411 2868 1772 2957 convenit,
1820 2880 2173 2962 quantum
2221 2870 2462 2941 dicen-

351 2996 504 3057 tem
537 2984 876 3057 dedecet:

702 3175 847 3250 Γυνῆ
875 3176 993 3258 γὰρ
1023 3170 1222 3236 τᾶλλα
1247 3173 1351 3255 μὶν
1380 3172 1551 3257 φόβου
1578 3171 1751 3251 πλέα,

534 3273 702 3351 Κακῆ
732 3276 783 3337 τ’
814 3276 868 3345 ἃς
895 3276 1076 3351 ἀλκὴν
1105 3274 1203 3336 καὶ
1235 3273 1448 3359 σίδηρον
1480 3278 1715 3360 εἲσορᾷν.

518 3376 713 3439 ‘’O-rm
743 3376 787 3438 δ’
819 3378 873 3450 ἒς
904 3379 1049 3453 εὐνὴν
1078 3375 1365 3457 ἠδικημένη
1396 3381 1558 3461 κυρῇ,

532 3481 664 3543 Οὔκ
696 3476 847 3542 ἔστιν
875 3475 1029 3556 ἄλλη
1060 3482 1196 3561 φρὴν
1216 3477 1654 3565 μιαιφονωτέρα.
2002 3480 2199 3543 ΜΕῙ).
2231 3475 2377 3542 965.

462 3678 589 3750 Sin
627 3689 869 3750 autem
905 3680 1093 3749 hanc
1127 3678 1387 3749 summi
1424 3688 1658 3771 poetae
1692 3679 2043 3752 incuriam
2080 3703 2273 3777 aegre
2304 3680 2470 3753 feri-

359 3820 547 3881 muS,
581 3819 725 3890 quo
757 3795 1054 3867 tandem
1089 3794 1329 3866 animo
1364 3794 1505 3867 ista
1550 3797 1847 3868 Senecae
1889 3798 2270 3890 patiemur,
2305 3821 2470 3892 quae

357 3934 739 4008 personam
771 3912 1057 4006 fingunt
1079 3910 1188 3981 ira
1214 3920 1667 3998 aestuantem,
1693 3912 2034 3985 vindictae
2061 3914 2369 3998 avidam,
2396 3924 2472 3986 et

361 4032 642 4102 oblatas
664 4027 961 4122 injurias
981 4026 1223 4098 ulcisci
1248 4039 1645 4133 parantem,
1665 4027 1771 4100 ita
1796 4038 2039 4100 tamen
2060 4029 2472 4124 loquentem

361 4147 455 4217 de
488 4141 800 4217 consiliis
833 4140 1003 4228 suiS‚
1027 4151 1112 4213 ut
1135 4166 1299 4236 quae
1333 4155 1678 4238 perpetuo
1703 4168 1780 4217 se
1807 4144 2371 4218 hominum‘odio
2397 4154 2472 4216 et
