3559 5575
327 208 328 217 ι
458 170 568 234 Pus.
584 167 765 234 XXXIV.
813 167 879 232 DE
903 167 1199 232 PHANTASIA.

506 338 660 411 Minime
675 362 762 434 ergo
777 351 944 432 poemata
960 340 1022 412 illa
1038 340 1085 412 ad
1101 361 1278 412 summam
1298 339 1386 412 aitis

457 458 540 529 dere
550 456 765 550 judicemus,
781 479 863 549 quae
879 455 1071 527 illustrium
1092 457 1197 526 modo
1213 457 1392 548 phantasu

457 572 595 665 copiam
613 596 688 664 prae
700 595 739 643 se
750 571 883 654 ferunt,
897 571 966 642 nisi
978 582 1016 643 et
1026 571 1099 642 acri
1106 571 1245 665 judicio
1257 571 1395 642 inform«

458 698 496 758 et
505 688 606 781 justo
622 687 858 778 disponantur
874 685 1008 756 ordine.
1060 687 1233 756 Fructum
1250 710 1334 757 vero
1356 687 1395 757 ill

457 802 624 895 putidum
650 801 825 872 scribendi
851 825 977 896 genus,
1003 802 1099 894 quod
1128 803 1327 894 phantasiae
1355 827 1400 895 pn

458 917 542 988 dere
560 939 687 987 nomen
707 917 807 998 solet,
824 929 867 985 ut
882 917 1037 986 laborem
1056 939 1200 987 omnem
1216 917 1344 1012 fugiat,
1358 918 1403 988 ad

458 1034 509 1104 les
529 1032 771 1103 Asiaticorum
796 1053 924 1126 greges
949 1031 1153 1126 ablegatum
1179 1042 1259 1102 eat:
1286 1056 1350 1103 nos
1375 1057 1406 1104 ar

458 1171 530 1219 non
548 1148 677 1239 sparsis
694 1146 868 1217 coloribus
885 1169 1076 1239 puerorum
1095 1147 1167 1219 ritu
1181 1147 1289 1240 capti,
1302 1149 1409 1220 solido

460 1264 533 1336 tius
562 1272 600 1334 et
629 1247 753 1333 viriles*
776 1261 910 1356 ingenii
942 1261 1080 1332 fructus
1109 1273 1342 1354 expetamus:
1379 1287 1412 1333 su

459 1379 604 1473 quidem
620 1377 715 1448 illius
732 1377 847 1447 critici
864 1400 976 1470 usque
993 1400 1178 1464 memores,
1195 1377 1311 1471 quiin
1332 1379 1399 1462 his,

458 1494 496 1565 in
515 1493 783 1565 caeterisrerme
799 1493 975 1575 omnibus,
993 1493 1168 1586 optimum
1187 1516 1224 1564 se
1241 1503 1380 1564 naturae
1400 1494 1416 1563 i

458 1619 599 1702 pretem
616 1606 780 1699 praebuit.
833 1606 875 1676 Ei
895 1607 955 1704 γάρ
977 1638 1026 1687 τις
1050 1605 1217 1693 ἐναλείψειε
1241 1615 1305 1688 τοῖς
1329 1622 1420 1678 καλλι

460 1724 635 1820 φαρμάκοις
656 1719 760 1816 χύδην,
778 1719 830 1791 οὔκ
849 1715 885 1791 ἂν
906 1721 1010 1814 ὁμοίως
1032 1720 1212 1819 εὐφράνειεν,
1230 1719 1282 1794 καὶ
1301 1738 1423 1822 λενκεγρ

461 1869 522 1919 σας
540 1833 648 1908 εἰκόνα.
674 1832 834 1907 Aristot.
851 1833 959 1908 Poet.
976 1862 1006 1909 c.
1026 1843 1084 1910 15.
1102 1835 1159 1909 ed.
1184 1835 1335 1932 Tyros.

512 1952 570 2023 Ne
586 1974 671 2022 vero
688 1953 777 2033 haec,
793 1974 874 2044 quoe
891 1951 929 2020 in
948 1953 1134 2045 praeceptis
1152 1954 1231 2045 plus
1249 1955 1352 2025 solito
1372 1977 1428 2024 ver

460 2079 517 2141 est
527 2066 721 2160 praelectio,
731 2065 895 2137 subsidiis
908 2090 1050 2159 prorsus
1063 2079 1184 2139 careat
1196 2092 1243 2139 ex
1256 2068 1392 2160 optimo
1406 2092 1430 2160 p

460 2182 636 2265 deductis,
661 2181 845 2252 rideamus
874 2181 935 2253 illa
965 2183 1000 2253 in
1033 2184 1140 2255 tertio
1173 2183 1435 2279 Georgicorum,

461 2299 669 2371 Phantasiae
687 2308 806 2390 partes
830 2297 934 2369 unice
958 2298 1167 2391 spectantia,
1184 2310 1404 2392 quantopere
1429 2325 1437 2370 ι

459 2417 506 2488 iis
540 2415 765 2497 conveniant,
794 2437 877 2507 quae
910 2414 956 2485 de
985 2424 1222 2508 conceptuum
1253 2415 1377 2486 ordine
1406 2435 1440 2486 m

461 2543 548 2605 sunt
564 2531 671 2617 dicta,
688 2553 804 2623 neque
819 2531 904 2599 laxo
921 2528 1038 2613 nimis,
1055 2554 1171 2623 neque
1193 2531 1240 2600 ad
1263 2531 1410 2601 rationis
1432 2555 1443 2600 1

461 2671 560 2720 mam
585 2645 766 2717 adstricto.
820 2644 1117 2715 Phantasmatum
1139 2643 1284 2738 quidem
1300 2631 1445 2737 ipsorun

460 2759 765 2859 pulchritudinem
790 2770 828 2832 et
853 2762 1090 2855 majestatem,
1117 2760 1298 2833 neminem
1323 2771 1412 2854 puto
1440 2785 1449 2831 ι

461 2881 590 2951 ardore
615 2877 770 2969 quodam
796 2886 998 2969 correptum
1026 2878 1168 2959 mirari;
1194 2901 1236 2948 co
1258 2886 1379 2947 autem
1399 2877 1452 2947 effi

462 2996 602 3066 duntur
613 2990 748 3072 ordine,
761 2999 804 3060 ut
815 3013 1026 3085 generosum
1042 2992 1146 3083 plane
1160 3014 1201 3060 ac
1214 2990 1316 3061 virile
1328 2991 1455 3084 ingenii

462 3107 676 3204 significent,
705 3126 836 3198 magna
864 3094 984 3173 reruni
1014 3104 1116 3196 copia
1144 3105 1372 3191 instructum,
1402 3105 1458 3174 fid«

463 3224 601 3317 opibus,
618 3231 657 3291 et
674 3219 720 3290 ad
735 3220 829 3289 hanc
846 3219 1066 3311 voluptatem
1084 3218 1336 3310 perfruendam
1360 3219 1461 3290 remis

392 3382 409 3409 ι
465 3338 644 3433 paulisper
659 3333 794 3404 viribus
811 3333 1033 3405 inclinatum.

553 3524 681 3589 Primus
694 3544 754 3607 ego
766 3519 800 3583 iu
813 3520 948 3607 patriam
964 3542 1099 3598 mecum,
1115 3518 1210 3583 modo
1223 3518 1289 3584 vita
1303 3518 1448 3607 supersit,

553 3625 658 3691 Aonio
671 3622 794 3688 rediens
807 3620 963 3687 deducam
978 3621 1093 3687 vertice
1109 3622 1237 3685 Musas:

552 3726 680 3791 Primus
695 3724 855 3789 Idumaeas
869 3724 1002 3789 referam
1017 3722 1086 3797 tibi,
1104 3724 1252 3803 Mantua,
1267 3722 1404 3809 palmas:

552 3830 600 3893 Et
612 3825 703 3890 viridi
717 3826 750 3889 in
765 3848 876 3913 campo
890 3824 1044 3914 templum
1058 3825 1099 3889 de
1114 3846 1268 3889 marmore
1281 3845 1397 3911 ponam

554 3932 689 4015 Propter
702 3950 829 4015 aquam,
843 3927 941 3991 tardis
954 3926 1065 4015 ingens
1080 3926 1135 3991 ubi
1150 3925 1284 3990 flexibus
1299 3939 1383 3989 errat

556 4029 708 4106 Mincius,
722 4042 755 4092 et
769 4042 875 4092 tenera
890 4027 1034 4112 praetexit
1050 4026 1205 4091 arundine
1220 4025 1314 4112 ripas.
