3559 5575
708 741 1065 824 PRAELECTIO
1103 738 1376 823 SEPTIMA.

517 999 641 1064 Potitus
655 1019 694 1062 ac
709 1021 786 1062 more
800 1000 961 1087 imagines
975 996 1143 1061 admodum
1157 993 1403 1081 esaejnoundos.
1435 995 1478 1057 In
1488 993 1578 1058 iisee

560 1101 737 1166 tractandis
753 1111 865 1190 pocius
886 1103 1023 1164 minores
1041 1121 1106 1163 uon
1127 1119 1205 1162 raro
1222 1097 1378 1161 euenere.
1423 1097 1503 1160 Acri
1526 1107 1574 1160 to

560 1225 631 1268 meu
641 1226 721 1292 opru
734 1225 800 1269 esse
810 1205 1027 1269 observatione
1040 1211 1078 1266 ui
1088 1210 1216 1264 viaturos
1227 1201 1346 1264 ver-im
1356 1201 1575 1286 exprimatur.

563 1309 703 1381 Qrcoestio
723 1309 840 1385 oriem,
863 1327 909 1368 on
933 1305 1015 1368 banc
1036 1313 1166 1368 nutura
1182 1311 1313 1390 purtem
1334 1304 1457 1366 nescire
1477 1301 1576 1366 beent

555 1417 667 1494 poctoe.
710 1407 870 1472 Nonnulii
888 1409 924 1471 iu
939 1406 996 1470 boc
1009 1425 1130 1494 gmcre
1146 1406 1422 1492 perstringunucr
1433 1423 1573 1478 ervom,

560 1511 674 1596 quibus
687 1531 751 1574 aron
765 1509 993 1598 ignoscendum
1008 1507 1145 1572 videtur.

906 1757 1184 1806 ...ψ-.-

518 1945 860 2047 ELEGANTER
876 1996 961 2045 sane
977 1996 1020 2044 ac
1041 1971 1151 2064 probe
1173 1971 1310 2044 dictum
1333 1982 1390 2043 est
1410 1995 1434 2042 a
1457 1996 1570 2064 popu-

516 2091 590 2163 lare
602 2091 757 2186 quodam
775 2100 908 2176 nostro,
922 2089 1108 2160 “Naturae
1125 2111 1167 2159 ac
1184 2087 1277 2158 ruris
1295 2087 1567 2159 admirationem

517 2219 539 2250 ‘⁶
556 2209 708 2302 primam
727 2208 811 2280 boni
829 2217 946 2300 poetae
963 2203 1083 2277 auimo
1099 2203 1236 2274 innasci
1255 2203 1438 2287 virtutem,
1455 2205 1567 2275 solam

516 2331 539 2365 “
557 2335 678 2397 autem
703 2324 817 2395 inesse
847 2320 1049 2394 mediocri.'’
1100 2319 1248 2390 Etenim
1276 2343 1365 2412 quas
1393 2319 1566 2415 imagines

516 2440 627 2510 oculis
644 2461 704 2508 rus
721 2437 855 2532 objicit,
872 2436 961 2528 ipsae
977 2459 1048 2508 non
1073 2434 1179 2506 modo
1201 2445 1285 2506 sunt
1302 2435 1339 2505 in
1364 2458 1403 2506 se
1427 2447 1564 2528 specta-

515 2552 615 2637 biles,
628 2575 751 2622 verum
770 2561 818 2633 et,
835 2549 909 2621 sint
927 2550 1032 2622 modo
1048 2549 1254 2633 nominatos,
1268 2563 1427 2622 mentem
1444 2555 1566 2643 procul

416 2687 420 2701 ·
515 2668 553 2737 in
582 2665 744 2762 regiones
769 2665 915 2758 rapiunt
940 2667 1091 2760 strepitu
1116 2677 1265 2739 etcum
1281 2691 1434 2749 vacuam
1448 2678 1566 2762 ‚atque

515 2781 577 2852 illa
601 2781 673 2851 duo
698 2779 820 2851 statim
846 2778 883 2850 in
905 2781 1066 2854 animum
1089 2796 1258 2854 revocant
1275 2806 1359 2875 quse
1379 2794 1566 2875 poetarum

515 2895 643 2967 studiis
660 2905 744 2969 sunt
761 2896 956 2990 aptissima,
972 2897 1087 2969 otium
1104 2921 1147 2968 ac
1163 2898 1404 2970 solitudinem.

564 3012 818 3097 Quamobrem,
834 3013 864 3086 si
890 3014 1035 3107 quando
1057 3037 1121 3106 per
1142 3014 1299 3085 fabulam
1324 3015 1420 3100 licet,
1436 3016 1565 3108 cupide

513 3126 550 3199 in
582 3131 661 3202 haee
685 3131 801 3223 spatia
831 3130 962 3202 diverti
985 3130 1112 3209 solent,
1136 3139 1175 3201 et
1198 3141 1307 3223 prout
1329 3134 1503 3226 cujusque
1526 3131 1562 3201 in

514 3246 605 3317 hanc
633 3270 709 3318 rem
736 3246 849 3343 magis
874 3244 1031 3338 proclive
1055 3245 1165 3317 fuerit
1187 3245 1385 3340 ingenium,
1407 3271 1564 3331 nemora,

512 3364 684 3452 scopulos,
713 3364 835 3444 saltus,
858 3360 997 3444 fluvios,
1023 3360 1144 3433 arium
1171 3372 1377 3448 concentus,
1403 3375 1564 3435 armenta

512 3486 550 3547 et
574 3500 700 3571 greges
726 3476 858 3569 passim
883 3480 1101 3564 oberrantes,
1118 3487 1158 3549 et
1174 3488 1292 3550 totum
1316 3479 1460 3551 rusticae
1478 3480 1564 3551 vitre

511 3594 697 3685 exemplar
726 3616 924 3685 proponere
951 3592 1178 3666 intuendum.
1228 3595 1421 3677 Quodnam
1446 3597 1494 3667 sit
1518 3597 1563 3668 de

511 3708 579 3777 hac
603 3730 642 3778 re
665 3707 844 3802 judicium
872 3708 1023 3781 Homeri
1048 3734 1096 3781 ex
1119 3710 1282 3802 Odyssea
1303 3711 1461 3793 omnino,
1478 3711 1563 3782 satis

510 3830 631 3893 autem
648 3823 704 3893 vel
721 3847 768 3895 ex
787 3823 902 3895 Iliade
918 3834 1030 3917 patet,
1048 3825 1107 3897 ubi
1126 3825 1321 3918 saepissime
1337 3828 1383 3898 ab
1400 3826 1509 3897 armis
1525 3838 1562 3897 et

508 3936 618 4022 caede,
635 3948 672 4011 et
688 3939 890 4033 principum
914 3941 1152 4025 concionibus,
1169 3942 1301 4035 raptim
1326 3943 1374 4014 ad
1398 3943 1563 4015 semotio-

507 4052 557 4125 ris
582 4053 667 4127 ritae
694 4078 842 4128 munera
867 4080 905 4129 se
934 4056 1082 4149 recipit:
1109 4080 1226 4150 neque
1255 4081 1304 4130 ex
1332 4057 1561 4131 nobilioribus
