3559 5575
332 186 564 260 Pur..
599 185 800 262 XVI.
991 185 1124 263 DE
1169 186 1803 265 AFFECTIBUQ.
2198 189 2215 210 ⁶
2322 187 2457 260 219

329 381 517 453 quas
531 404 536 407 -
550 369 711 452 post
743 360 1174 437 horrendam
1207 360 1470 453 dapem
1502 359 1634 443 irae
1678 368 1762 443 et·
1789 357 2053 432 doloris
2097 358 2456 452 impotens

329 476 647 548 effundit
677 486 906 569 pater.
1925 457 1937 469 ⁶

1033 570 1231 636 Clusa
1257 569 1577 636 littoribus
1605 569 1786 661 vagis

510 673 758 738 Audite
786 672 1023 738 maria:
1069 697 1183 738 vos
1211 696 1471 760 quoque
1498 671 1717 738 audite
1745 672 1867 738 hoc
1896 672 2119 754 sceluS‚

512 778 913 862 Quocunque
938 775 1055 839 Dii
1082 775 1366 862 fugistis:
1414 775 1632 841 audite
1664 775 1884 851 Inferi,

513 875 761 941 Audite
793 891 979 940 terra.
1073 878 1348 962 Noxque
1375 876 1682 941 Tartarea
1706 876 1917 963 gravis

513 980 607 1042 Et
636 992 776 1043 atra
802 979 998 1057 nube,
1025 977 1290 1043 vocibus
1316 978 1548 1043 nostris
1574 1001 1750 1043 vaca.

518 1078 681 1145 Tibi
709 1102 853 1144 sum
879 1079 1165 1145 relictus:
1219 1080 1352 1144 sola
1378 1092 1454 1144 tu
1481 1080 1777 1145 miserum
1807 1081 2006 1161 vides,

525 1184 636 1246 Tu
666 1204 910 1270 quoque
936 1184 1078 1248 sine
1104 1184 1327 1247 astris.

332 1287 626 1359 Deinde
660 1297 1004 1360 consueto
1045 1311 1245 1359 more
1289 1288 1530 1382 pergit
1561 1287 1614 1358 J
1615 1309 1823 1359 ovem
1869 1305 2286 1379 supremum
2336 1288 2461 1358 ob-

334 1426 638 1486 secrare,
672 1411 756 1473 ut
793 1412 837 1443 “
859 1403 1166 1474 nubibus
1200 1413 1439 1474 totum
1486 1402 1793 1474 horridis
1838 1403 2217 1474 convolvat
2252 1426 2460 1473 mun-

337 1528 382 1562 “
417 1520 620 1607 dum,
657 1519 841 1588 bella
873 1528 1249 1589 ventorum
1298 1518 1621 1614 undique
1666 1518 2099 1601 committat,
2140 1531 2217 1589 et
2258 1520 2458 1589 omni

338 1645 386 1677 “
417 1644 626 1727 parte
665 1634 1061 1705 violentum
1112 1634 1459 1705 intonet.'‘
1563 1634 1848 1705 Pariter
1897 1634 2454 1706 declamatorem

337 1752 493 1847 agit
526 1750 603 1843 iu
640 1750 1005 1821 Deianirae
1038 1750 1374 1821 lamentis
1409 1752 1500 1822 ob
1532 1751 1876 1822 maritum
1911 1774 2042 1821 sua
2085 1773 2304 1842 opera
2344 1751 2455 1820 in-

336 1867 747 1937 terfectum.
853 1866 1084 1937 Recte
1118 1865 1412 1959 quidem
1449 1866 1705 1936 mulier
1735 1866 1815 1936 in
1850 1890 1925 1936 se
1960 1888 2249 1937 omnem
2281 1866 2449 1936 faci-

339 1981 539 2051 noris
598 1981 881 2071 culpam
942 1981 1338 2062 convertit3
1411 1991 1489 2052 at
1542 2004 1760 2075 quam
1821 1982 2124 2053 immota
2180 1982 2276 2052 ad
2328 1983 2455 2052 has

343 2119 558 2168 voces
593 2096 1014 2166 haberemus
1046 2096 1376 2187 pectora!

874 2272 1122 2338 Scelera
1147 2295 1295 2360 quae
1323 2271 1593 2359 quisque
1620 2295 1816 2337 ausus
1842 2282 1937 2339 est

521 2374 656 2439 Hic
685 2373 836 2439 vicit
863 2397 1058 2438 error.
1147 2378 1197 2439 J
1199 2398 1332 2439 uno
1359 2397 1486 2439 non
1513 2397 1666 2439 ausa
1696 2374 2042 2442 Herculem
2074 2389 2169 2440 est

516 2476 786 2564 Eripere
813 2476 1027 2541 terris:
1074 2476 1400 2541 horridam
1427 2499 1681 2564 poenam
1710 2500 1883 2564 para.

517 2579 814 2667 Sisyphia
841 2580 1052 2644 cervix
1080 2594 1266 2660 esset,
1297 2593 1361 2644 et
1389 2596 1634 2645 nostros
1661 2579 1822 2667 lapis

518 2680 815 2769 Impellat
843 2680 1176 2746 humeros:
1222 2704 1326 2746 me
1355 2705 1555 2770 vagus
1580 2681 1791 2769 fugiat
1818 2681 2011 2761 latex,

516 2786 866 2871 Meamque
895 2783 1088 2850 fallax
1118 2784 1294 2850 unda
1321 2784 1583 2850 deludat
1611 2784 1805 2849 sitim.

517 2887 738 2953 Merui
769 2909 993 2952 manus
1019 2889 1306 2975 praebere
1335 2889 1696 2957 turbinibus
1724 2889 1875 2966 tuis,

521 2993 937 3074 Quoecunque
964 3012 1179 3076 regem
1213 2990 1596 3055 Thessalum
1629 3007 1911 3077 torque5‚
1942 3003 2098 3054 rota.

522 3089 812 3154 Effodiat
839 3090 1064 3154 avidus
1091 3090 1239 3154 hinc
1269 3106 1333 3154 et
1360 3090 1509 3156 hinc
1538 3091 1757 3155 vultur
1788 3090 1996 3155 fibras.

519 3193 721 3256 Vacat
753 3214 879 3255 una
908 3193 1186 3267 Danais3
1234 3192 1350 3256 has
1377 3215 1498 3280 ego
1525 3191 1796 3279 explebo
1823 3190 2009 3255 vices.

348 3367 528 3449 Quae
560 3390 771 3459 porro
797 3367 1217 3439 clamitandi
1244 3391 1429 3439 vena
1464 3391 1594 3460 per
1617 3366 1921 3462 triginta
1955 3367 2190 3437 adhuc
2214 3389 2457 3439 versus

349 3480 687 3553 excurrit.

448 3595 688 3667 Multa
729 3597 1006 3668 interea
1047 3608 1217 3669 sunt
1249 3596 1748 3691 imperitorum
1783 3597 1986 3684 vitia,
2021 3608 2282 3690 praeter
2314 3607 2457 3669 sto-

348 3712 575 3782 lidum
625 3715 819 3783 hunc
868 3724 1088 3807 atque
1132 3714 1625 3806 importunum
1673 3696 2091 3798 clamorem,‘
2117 3738 2162 3785 a
2200 3713 2457 3808 quibus

348 3837 635 3920 poetam
670 3851 920 3899 cavere
956 3831 1333 3922 oportebit,
1353 3831 1430 3913 ‚si
1463 3831 1723 3902 molliri
1758 3831 2081 3903 animum
2113 3828 2286 3900 velit
2318 3829 2459 3898 lec-

347 3941 549 4027 toris,
574 3951 651 4012 et
683 3943 884 4015 durae
917 3945 1216 4040 alicujus
1251 3948 1460 4019 sortis
1495 3948 1952 4020 miseratione
1988 3946 2171 4017 serio
2204 3937 2455 4016 teneri.

349 4058 634 4151 Nempe
683 4059 1034 4153 imprimis
1067 4062 1458 4135 videndum
1493 4065 1632 4136 erit
1664 4087 1757 4135 ne
1791 4063 1967 4156 quid
2002 4059 2284 4132 caeteris
2330 4057 2459 4128 ad-
