3559 5575
996 50 1129 115 384
1735 47 1981 111 PARS
2024 46 2366 111 TERTIA
2598 46 2833 111 Pam..
2864 47 3164 112 XXX.

993 233 1257 299 natura
1288 221 1558 293 humile
1592 222 1845 316 magis,
1880 224 2007 290 aut
2041 244 2085 291 a
2119 217 2655 314 magnificentia
2688 235 2766 292 et
2798 222 3167 314 pulchri-

994 340 1247 412 tudine
1278 337 1645 420 remotiuS,
1673 360 1891 430 quam
1926 345 2096 406 sunt
2131 336 2488 428 parabolae
2521 338 2898 408 nonnullae
2947 362 3007 407 a
3048 361 3166 407 sa-

992 455 1130 527 cris
1164 453 1624 546 scriptoribus
1659 453 1752 523 ad
1787 450 2270 523 sanctissimos
2305 475 2476 521 usus
2524 455 3156 524 accommodatae.

991 570 1299 643 Vineam
1325 568 1619 655 scilicet,
1640 578 1768 639 aut
1788 566 2150 650 trituram,
2173 576 2301 637 aut
2322 577 2743 654 sementem,
2771 570 2937 640 sine
2966 570 3158 641 fuco

991 694 1066 757 et
1098 685 1485 780 pigmentis
1532 683 1934 776 perhibent,
1980 682 2194 752 modo
2246 684 2380 753 hoc
2432 681 2734 753 artificio
2786 707 3159 776 perspec-

993 801 1134 874 tior
1164 802 1294 873 fiat
1327 800 1689 894 scriptoris
1724 823 1954 882 menS,
1989 807 2065 870 et
2098 797 2276 891 quid
2321 821 2534 892 agere
2580 822 2709 870 nos
2754 811 2890 871 aut
2922 802 3154 896 ongi-

994 929 1152 992 tare
1184 926 1512 1012 oporteat
1547 916 1810 988 diserte
1845 913 2134 986 indicet.
2224 914 2393 985 Non
2427 915 2622 986 enim
2658 916 2784 1009 qui
2821 919 3000 987 haec
3041 919 3153 987 le-

993 1034 1105 1130 git
1128 1034 1203 1105 in
1231 1059 1310 1106 re
1332 1029 1685 1130 proxima
1710 1043 2058 1125 tanquam
2084 1031 2375 1126 egregia
2400 1030 2847 1116 immoratur,
2876 1057 3147 1127 neque

994 1149 1071 1221 in
1108 1157 1387 1220 remota
1421 1159 1763 1243 tanquam
1800 1146 2127 1228 insolita3
2179 1147 2306 1217 sed
2355 1145 2724 1237 inopinata
2777 1148 3143 1220 similitu-

994 1265 1163 1338 dine
1198 1290 1398 1338 mens
1433 1264 1735 1357 capitur,
1761 1273 1838 1334 et
1863 1285 2016 1336 rem
2050 1272 2301 1332 uotam
2336 1286 2421 1333 ac
2452 1262 2883 1334 familiarem
2917 1277 3141 1357 post-

994 1384 1129 1453 hac
1163 1406 1327 1453 cum
1364 1381 1725 1453 sententia
1756 1378 2094 1450 interiore
2128 1389 2204 1449 et
2241 1378 2477 1449 minus
2511 1388 2760 1471 aperta
2793 1378 2901 1450 ita
2943 1405 3137 1452 con-

981 1496 1254 1591 jungit,
1286 1510 1369 1566 ut
1403 1498 1494 1567 ab
1529 1497 1664 1567 hac
1696 1494 1772 1565 in
1808 1494 2007 1564 illam
2043 1493 2237 1564 facili
2269 1496 2470 1587 lapsu
2507 1505 2845 1566 transeat.

1095 1611 1290 1682 Hinc
1323 1622 1568 1682 autem
1602 1609 2055 1705 intelligitur,
2080 1619 2434 1704 quantum
2458 1610 2650 1683 inter
2677 1612 2894 1682 hasce
2931 1612 3127 1683 ima·

991 1726 1195 1822 gines
1241 1749 1653 1798 communes
1700 1750 1785 1797 ac
1829 1735 2036 1796 notas
2081 1725 2392 1809 intersit,
2427 1737 2501 1797 et
2546 1725 2736 1798 idola
2786 1728 2914 1798 illa
2964 1729 3122 1799 for·

996 1866 1288 1938 masque
1322 1867 1414 1915 ex
1450 1844 1736 1914 cerebro
1770 1841 2134 1936 scriptoris
2167 1852 2397 1925 natas,
2433 1843 2523 1914 de
2569 1843 2827 1936 quibus
2874 1868 3120 1938 nuper

995 1960 1427 2033 acerbiorem
1494 1961 1733 2052 paullo
1803 1958 2209 2051 opinionem
2277 1959 2596 2051 profiteri
2663 1960 2895 2031 visum
2973 1973 3113 2032 est.

994 2078 1187 2149 Nam
1241 2076 1301 2148 si
1360 2076 1453 2147 ad
1502 2078 1655 2148 haec
1706 2076 2090 2170 confugere
2135 2077 2465 2168 solemus,
2501 2099 2592 2147 ne
2633 2076 2847 2147 citius
2896 2101 3114 2172 aequo

992 2194 1283 2265 excidat
1331 2194 1525 2286 quod
1578 2201 2018 2284 praeceptum
2070 2190 2313 2274 fuerit,
2365 2191 2704 2285 quoniam
2763 2216 3105 2265 sensuum

993 2308 1508 2381 consuetudine
1564 2308 1893 2379 firmatur
1952 2307 2343 2379 admodum
2395 2307 2759 2396 memoria,
2805 2319 2883 2380 et
2930 2321 3108 2382 tunc

993 2425 1265 2519 aliquid
1308 2425 1548 2495 animo
1590 2434 1920 2496 tenemus
1954 2422 2247 2516 optime,
2282 2423 2343 2494 si
2376 2425 2444 2494 ei
2477 2448 2642 2494 cum
2677 2448 2756 2495 re
2791 2436 2962 2497 nota
2994 2438 3106 2498 at-

993 2564 1133 2635 que
1167 2549 1469 2610 externa
1503 2540 1952 2610 necessitudo
1986 2538 2409 2628 intercedat,
2443 2541 2790 2634 sequitur,
2816 2541 3098 2614 illorum

991 2655 1139 2726 vim
1173 2656 1403 2726 levem
1439 2663 1567 2724 aut
1600 2653 1893 2725 omnino
1930 2655 2200 2725 nullam
2234 2654 2385 2726 fore
2419 2656 2510 2726 ad
2547 2667 2811 2727 caetera
2850 2658 3100 2729 confir-

994 2770 1278 2854 manda,
1332 2791 1637 2863 quorum
1687 2793 1782 2840 ne
1833 2792 1960 2841 sua
2011 2769 2302 2864 quidem
2357 2771 2550 2842 cerni
2608 2795 2914 2865 usquam
2970 2782 3093 2844 aut

991 2886 1198 2959 facile
1247 2886 1523 2981 concipi
1575 2885 1797 2979 possit
1846 2896 2129 2957 natura.
2233 2887 2414 2969 Quis
2465 2887 2660 2958 enim
2706 2888 3096 2971 Virtutem,

991 3015 1120 3077 aut
1153 3004 1644 3098 Voluptatem,
1678 3012 1807 3073 aut
1842 3003 2454 3095 Temperantiam,
2487 3004 2719 3076 forma
2762 3004 3100 3076 foeminea

991 3122 1475 3207 adumbratas,
1533 3117 2029 3212 praesentiores
2090 3119 2330 3191 animo
2390 3120 2705 3204 habebit,
2760 3143 2978 3213 quam
3038 3121 3100 3191 si

992 3249 1347 3331 praecepta
1412 3237 1566 3331 ipsa
1626 3234 1858 3306 verbis
1919 3235 2134 3308 modo
2192 3235 2466 3308 inclusa
2524 3237 2718 3329 apud
2784 3236 3102 3329 seipsum

990 3351 1370 3445 cogitasset
1386 3352 1421 3421 ἶ)

1090 3465 1205 3535 Ac
1234 3490 1328 3537 ne
1360 3466 1438 3536 id
1470 3467 1762 3560 quidem
1798 3468 2001 3539 nobis
2035 3492 2404 3541 occurrere
2446 3469 2606 3563 quis
2640 3477 2872 3561 putet,
2904 3468 3102 3561 quod

994 3581 1325 3654 Herculis
1374 3581 1566 3653 illius
1598 3584 1647 3652 J
1651 3583 1992 3667 udicium,
2044 3606 2088 3654 a
2134 3585 2439 3657 Prodico
2492 3586 2719 3655 Poeta
2781 3583 3100 3676 primum

990 3701 1125 3770 hoc
1171 3696 1470 3770 artificio
1503 3700 2109 3783 commendatum,
2143 3711 2519 3795 tantopere
2551 3701 2628 3772 in
2664 3699 2939 3772 deliciis
2973 3701 3105 3771 ho-

989 3814 1264 3887 minum
1289 3814 1529 3899 fuerit,
1555 3827 1640 3888 ut
1666 3840 1710 3888 a
1733 3816 2047 3889 Socratis
2081 3841 2245 3889 aevo
2273 3841 2499 3914 usque
2532 3818 2629 3890 ad
2660 3819 2821 3889 haec
2851 3828 3103 3889 nostra

986 3941 1311 4026 tempora
1341 3934 1586 4044 laudes
1619 3932 1943 4006 omnium
1977 3936 2385 4020 extorserit,
2417 3947 2494 4009 et
2527 3958 2823 4033 gregem
2857 3934 3105 4006 imita-
