3559 5575
1018 479 1734 647 PRAELECTIo
1792 497 2366 641 vlcESIMA
2420 554 2997 638 SECUNDA.

963 841 1304 909 Sententiae
1333 840 1730 926 definitiones
1766 838 1999 902 variae.
2086 836 2197 901 Ad
2220 835 2359 900 duo
2394 837 2651 900 omnino
2667 857 2937 923 genera
2980 838 3080 900 vi-

1045 947 1281 1011 dentur
1307 942 1675 1030 rqfhremlae.
1764 941 1982 1004 Primi
2015 940 2284 1027 generis
2314 947 2471 1002 sunt
2507 959 2609 1002 ea
2621 959 2762 1025 quae
2803 940 2943 1003 sola
2970 963 3081 1004 ve-

1048 1049 1234 1114 ritate
1291 1048 1547 1112 valent.-
1601 1053 1676 1109 ut
1732 1044 1809 1107 de
1866 1043 2299 1106 humanarum
2348 1062 2569 1105 rerum
2626 1043 3079 1107 vanitate—de

1049 1145 1955 1235 mediocritatefortunae—de
1969 1145 2245 1233 privati.
2259 1144 2377 1208 otii
2404 1144 2760 1209 commodis.

905 1292 947 1322 C?

1734 1414 2289 1465 *—

963 1625 1462 1724 DIVERSO
1526 1652 1894 1724 interdum
1952 1677 2163 1725 sensu
2223 1654 2419 1746 apud
2482 1652 2790 1746 optimos
2856 1651 3078 1744 scrip-

960 1779 1153 1840 tores
1196 1764 1650 1861 intelligitur,
1697 1767 1868 1839 licet
1915 1792 2059 1840 uno
2111 1769 2401 1840 nomine
2451 1769 2848 1861 appelletur
2897 1767 3078 1838 Sen-

962 1884 1233 1965 tentia;
1286 1905 1543 1975 nempe
1588 1905 1754 1976 quae
1788 1908 1833 1954 a
1865 1885 2225 1956 nonnullis
2260 1885 2356 1956 ad
2386 1884 2631 1955 omnia
2662 1883 2933 1976 pariter
2963 1905 3078 1953 re-

962 2001 1192 2072 fertur
1235 2021 1399 2092 quae
1444 2007 1573 2069 aut
1607 1998 2076 2093 cogitationes
2121 2009 2250 2071 aut
2284 2023 2531 2070 sensus
2575 1999 2895 2070 internos
2946 2007 3077 2068 aut

952 2115 1314 2213 judicium
1367 2114 1629 2186 mentis
1681 2114 1772 2185 de
1822 2138 2253 2208 unaquaque
2302 2139 2381 2186 re
2432 2113 2819 2207 explicant.
2920 2113 3078 2184 Alii

964 2255 1209 2302 rursus
1275 2254 1361 2301 ea
1423 2241 1711 2301 tantum
1770 2231 2309 2302 Sententiarum
2376 2232 2593 2303 titulo
2658 2231 3075 2325 dignantur,

963 2368 1131 2437 quae
1174 2344 1598 2439 fugiendum
1645 2346 1936 2439 aliquod
1981 2356 2108 2417 aut
2142 2347 2533 2439 petendum
2577 2346 2652 2416 in
2690 2347 2845 2416 vita
2891 2364 3079 2438 prae-

962 2460 1231 2531 dicant.
1338 2459 1502 2529 Hoc
1552 2469 1795 2531 autem
1847 2484 2074 2555 genus
2117 2462 2309 2554 apud
2362 2461 2652 2533 Graecos
2696 2461 3078 2553 scriptores

961 2570 1169 2670 γνῶμη
1218 2573 1524 2645 dicitur:
1576 2575 1758 2645 illud
1809 2578 2117 2648 alterum
2169 2577 2395 2649 διάνοια
2452 2576 2796 2670 appellari
2853 2579 3075 2659 solet;
3111 2587 3120 2595 ”

964 2692 1168 2786 cujus
1222 2689 1512 2783 quidem
1564 2700 1805 2781 partes
1858 2716 2011 2763 esse
2060 2693 2137 2763 in
2186 2692 2497 2764 Poeticis
2543 2694 2808 2764 diserte
2864 2692 3077 2763 docet

963 2807 1389 2879 Aristoteles
1424 2814 1469 2848 “
1499 2816 1657 2877 tum
1708 2808 2009 2880 obscura
2053 2810 2543 2881 demonstrare
2585 2820 2662 2881 et
2696 2809 3078 2880 adversan-

964 2933 1010 2967 “
1044 2923 1150 2995 tia
1201 2924 1606 3007 dissolvere,
1651 2932 1812 2994 tum
1864 2925 2162 2996 affectus
2209 2948 2518 3007 movere,
2562 2934 2647 2996 ut
2680 2923 3077 3012 misericor·

967 3049 1013 3081 “
1047 3040 1266 3126 diam,
1313 3040 1611 3123 metum,
1659 3038 1843 3109 iram
1894 3048 1969 3110 et
2012 3040 2090 3110 id
2137 3064 2366 3135 genus
2417 3041 2601 3112 alia:
2655 3050 2815 3111 tum
2866 3064 3077 3133 porro

966 3165 1011 3195 ‘⁴
1046 3155 1479 3247 amplificare
1513 3154 1753 3239 exilia,
1790 3178 2055 3251 magna
2088 3156 2550 3228 diminuere.''
2618 3153 2830 3227 Poet.
2866 3181 2930 3228 c.
2956 3162 3076 3236 19.

1069 3270 1298 3340 Nobis
1333 3280 1576 3341 autem
1602 3294 1721 3342 eos
1750 3272 1919 3343 huic
1946 3273 2048 3343 rei
2075 3273 2250 3343 fines
2277 3275 2657 3344 decernere
2682 3273 2918 3343 visum
2942 3283 3077 3356 est,

965 3393 1052 3454 ut
1100 3407 1335 3476 neque
1395 3386 1637 3456 omnia
1686 3388 2064 3480 complecti
2122 3381 2570 3483 intelligatur
2628 3411 2793 3482 quae
2851 3386 3079 3484 διανοίᾳ

964 3498 1405 3582 tribuuntur,
1438 3523 1672 3593 neque
1717 3501 1823 3571 ita
1873 3502 1947 3573 in
1995 3515 2275 3574 arctum
2323 3503 2650 3575 concludi
2701 3503 2947 3596 possit,
2994 3515 3079 3576 ut

966 3615 1149 3686 nihil
1201 3625 1467 3707 praeter
1518 3614 1753 3710 γνώμην
1808 3618 2171 3691 admittat.
2276 3620 2688 3713 Praecipuas
2746 3621 2945 3692 enim
3003 3631 3080 3693 et

967 3731 1286 3825 proprias
1321 3731 1618 3803 affectus
1655 3734 1993 3804 movendi
2023 3746 2263 3827 partes
2298 3738 2543 3829 procul
2576 3737 2668 3807 ab
2698 3737 2917 3831 hujus
2953 3757 3083 3807 na-

970 3857 1138 3919 tura
1171 3848 1412 3920 abesse
1445 3847 1775 3936 arbitror,
1809 3860 2002 3922 certe
2035 3876 2080 3922 a
2111 3850 2318 3924 nobis
2350 3875 2667 3924 seorsum
2712 3852 3081 3925 sumendae
