3559 5575
976 45 1109 112 586
1714 40 1959 104 PARS
2005 38 2386 104 TERTIA
2576 40 2805 106 Pam..
2837 41 3086 109 XXX.

974 218 1172 289 mine
1214 215 1390 288 satis
1432 213 1772 297 cernitur,
1805 213 1934 307 qui
1973 211 2384 306 Scipionem
2417 221 2773 307 tanquam
2810 215 3092 289 Hercu.

975 336 1120 405 lem
1153 334 1459 403 alterum
1492 329 1567 399 in
1603 340 1958 400 secretum
2002 328 2318 411 abducit,
2353 337 2437 398 ut
2472 327 2746 420 pariter
2777 331 3092 404 Virtutis

978 446 1532 538 voluptatisque
1596 442 1913 536 praemiis
1979 442 2359 535 propositis
2422 443 2786 537 judicium
2850 446 3089 518 sadat-

977 561 1354 656 Frigidula
1384 570 1629 630 tamen
1664 568 1823 630 tota
1854 582 1969 629 res
2002 558 2272 643 evadit,
2305 580 2473 628 cum
2516 570 2811 652 propter
2853 561 3094 633 imita-

975 678 1246 748 tionem
1281 676 1545 746 fabulae
1566 673 2006 769 jampridem
2048 673 2478 756 decantatae,
2511 684 2670 745 tum
2718 676 2890 769 quia
2934 701 3095 748 sen-

975 792 1225 864 tentiis
1260 792 1462 862 deest
1494 789 1799 881 simplex
1844 787 1972 859 illa
2015 788 2359 860 severitas
2405 811 2492 860 ac
2523 790 2781 885 gratia,
2814 813 2987 885 quae
3014 792 3092 863 in

975 907 1480 1002 Xenophontis
1513 904 1925 976 narratione
1960 905 2256 976 omnino
2289 907 2596 979 elucent.
2668 908 2865 979 Nam
2898 911 3094 1003 quod

977 1026 1072 1096 ad
1118 1022 1562 1118 Allegoriam
1610 1021 1839 1112 ipsam
1892 1019 2229 1111 pertinet,
2281 1021 2528 1091 abesse
2585 1045 2746 1093 eam
2804 1047 3092 1115 prorsus

978 1139 1133 1212 sine
1199 1134 1609 1234 argumenti
1675 1133 2049 1227 dispendio
2115 1158 2321 1226 posse
2390 1136 2720 1207 arbitror.
2850 1139 3092 1235 Magis

977 1266 1175 1326 certe
1218 1277 1354 1348 ego
1395 1273 1684 1323 moveor
1716 1273 1890 1320 voce
1923 1249 2046 1320 illa
2080 1249 2335 1321 AEneae
2369 1251 2624 1323 mediis
2658 1252 2736 1323 in
2770 1255 2985 1326 rebus
3015 1266 3093 1325 et

978 1371 1397 1462 perturbato
1430 1367 1672 1438 animo
1704 1365 1924 1452 edita,

1156 1488 1344 1552 Disce
1371 1509 1534 1574 puer
1560 1486 1862 1550 virtutem
1890 1508 1971 1550 ex
2002 1507 2104 1550 me
2132 1508 2484 1574 verumque
2510 1486 2812 1569 laborem,

1155 1589 1508 1652 Fortunam
1536 1609 1617 1651 ex
1646 1585 1958 1650 aliis—

979 1732 1196 1804 quam
1223 1708 1284 1780 si
1309 1708 1867 1802 pulcherrimum
1891 1707 2205 1781 Virtutis
2226 1718 2301 1780 et
2321 1708 2623 1781 Laboris
2647 1722 2723 1783 et
2742 1712 3092 1784 Fortunae

979 1835 1437 1911 conventum,
1471 1825 1790 1917 proprios
1823 1824 2110 1895 habitus
2144 1834 2221 1895 et
2254 1827 2521 1895 colores
2555 1850 2705 1918 prae
2720 1851 2815 1900 se
2860 1829 3094 1901 feren-

979 1942 1191 2030 tium,
1224 1941 1551 2037 quamvis
1583 1939 1953 2034 ingenioso
1985 1940 2301 2032 poemati
2335 1939 2703 2013 intextum
2736 1943 3066 2016 viderim.

1084 2056 1244 2128 1³1-ae
1288 2056 1567 2128 caeteris
1613 2069 1857 2127 autem
1911 2055 2038 2148 qui
2087 2057 2223 2126 hoc
2272 2055 2628 2128 scribendi
2685 2082 2950 2154 genere
2999 2061 3094 2131 ad

981 2171 1499 2265 philosophiam
1534 2170 2052 2242 instituendam
2088 2180 2258 2241 sunt
2285 2170 2418 2253 usi,
2445 2171 2732 2243 Cebetis
2759 2173 3096 2245 Thebani

980 2309 1242 2358 nomen
1294 2288 1596 2359 enituit:
1659 2290 1866 2382 cujus
1913 2287 2238 2369 Tabulae,
2291 2298 2699 2381 quanquam
2752 2291 3096 2361 humanae

981 2400 1153 2472 vitae
1188 2403 1503 2494 pericula
1535 2413 1753 2495 atque
1787 2426 2058 2475 errores
2093 2402 2336 2473 subtili
2371 2403 2543 2473 satis
2583 2405 2885 2476 artificio
2930 2429 3093 2476 eam

977 2516 1243 2587 referre
1281 2518 1627 2611 judicem,
1662 2529 1905 2589 tamen
1941 2540 2132 2588 verae
2173 2541 2462 2609 poeseos
2496 2520 2784 2590 laudem
2820 2521 3093 2593 invitus

981 2630 1651 2725 dederim—utpote
1711 2657 1877 2727 quae
1944 2633 2315 2729 ingenium
2386 2635 2697 2705 auctoris
2758 2637 3095 2707 videatur

980 2747 1207 2845 magis
1234 2748 1646 2843 praedicare,
1666 2759 1742 2823 et
1763 2773 1915 2821 rem
1943 2748 2346 2844 aenigmatis
2373 2750 2519 2823 ritu
2543 2753 2848 2836 trahere,
2871 2776 3092 2848 quam

980 2877 1110 2938 aut
1140 2866 1432 2938 intimos
1473 2866 1693 2938 animi
1741 2889 1989 2937 sensus
2036 2867 2497 2958 permulcere,
2535 2880 2663 2939 aut
2696 2892 3093 2941 commotos

980 2982 1366 3055 dimittere.
1422 2984 1584 3055 Hoc
1606 2984 1858 3075 utique
1892 2982 2181 3052 nomine
2216 2995 2622 3055 commenta
2655 2986 2810 3080 ejus
2843 2986 3098 3080 rejice-

981 3122 1133 3169 rem
1166 3099 1258 3170 de
1293 3100 1619 3170 Fortuna
1652 3121 1828 3169 saxo
1861 3099 2174 3169 rotundo
2205 3097 2542 3190 imposita
2570 3123 2589 3182 ;
2640 3123 2804 3172 cum
2839 3113 3098 3173 contra

987 3211 1358 3308 Εὖὸαιμωία
1424 3213 1774 3306 quadrato
1832 3210 2138 3282 insistat.
2243 3208 2648 3308 Ἐγκράτειαν
2702 3223 2947 3285 autem
3015 3226 3097 3287 et

984 3326 1322 3427 Καρτερίαν
1354 3352 1625 3400 sorores
1659 3327 1815 3420 pari
1854 3327 2151 3397 levitate
2191 3326 2425 3422 fingit,
2461 3351 2741 3399 summa
2782 3329 2860 3398 in
2909 3353 3097 3421 rupe

982 3453 1276 3525 stantes„
1311 3466 1565 3513 manus
1612 3442 1919 3536 benigne
1964 3441 2052 3511 iis
2099 3438 2489 3512 extendere
2540 3442 2667 3535 qui
2717 3444 3095 3515 adversam

982 3557 1175 3628 viam
1226 3558 1599 3644 scandunt,
1634 3558 1960 3629 nonnihil
2007 3556 2227 3628 etiam
2276 3582 2321 3628 a
2366 3558 2762 3650 praecipitio
2797 3559 3098 3631 descen-

983 3675 1174 3758 dere,
1210 3697 1469 3767 eosque
1502 3697 1782 3745 sursum
1819 3674 1913 3745 ad
1945 3697 2020 3744 se
2055 3676 2360 3745 trahere.

1084 3789 1471 3884 Utcunque
1498 3814 1665 3862 vero
1700 3790 1812 3861 his
1836 3800 1912 3861 et
1936 3789 2284 3861 similibus
2320 3790 2660 3862 delectari
2695 3813 2899 3862 mens
2935 3814 3097 3882 pos-

983 3905 1100 3990 sit,
1136 3929 1586 4001 nequaquam
1638 3917 1882 3977 tamen
1937 3907 2072 3977 hoc
2121 3905 2194 3977 in
2250 3929 2335 3977 eo
2383 3929 2647 4001 genere
2697 3905 3092 3997 voluptatis
