3559 5575
320 120 583 184 PML.
617 121 782 184 vn.
1020 122 1148 185 DE
1198 122 1813 188 IMITATIONE.
2377 127 2463 195 9⁵

315 293 450 364 Et
485 293 561 364 in
597 293 965 366 notissima
997 295 1289 366 luminis
1323 319 1415 368 ex
1452 321 1639 390 aqua
1671 296 2065 389 repercussi
2098 320 2465 392 compara-

318 410 549 481 tione
605 433 735 502 per
787 410 1151 503 laquearia
1208 412 1385 482 tecti
1439 412 1907 496 dissultantis‚
1968 436 2185 505 quam
2248 412 2465 502 (sicut

319 526 503 619 ipse
539 549 634 597 ex
667 525 1052 618 Apollonio
1098 531 1528 623 sumpserat)
1564 528 1670 599 ita
1717 528 1809 599 ab
1854 552 1941 598 eo
1990 537 2220 600 totam
2268 529 2347 600 in
2387 554 2463 602 se

325 642 725 713 transtulit
760 641 1077 713 Italicus·

447 758 559 828 At
583 758 660 828 in
689 757 974 828 sublimi
1001 757 1141 830 ista
1165 759 1214 827 J
1216 757 1369 829 ovis
1392 758 1711 853 imagine
1736 782 1866 851 per
1892 759 2298 830 nimborum
2334 783 2463 831 no-

330 884 543 946 ctem
578 873 1050 956 fulminantis,
1077 897 1222 967 qua
1255 897 1426 945 cura
1455 874 1944 966 incorruptam
1970 898 2213 946 rerum
2246 875 2460 947 fidem

335 989 631 1059 servat!
689 987 967 1081 Injuste
1012 1011 1189 1058 sane
1232 989 1500 1060 Critico
1552 987 1840 1059 cuidam
1892 989 2195 1060 nostrati
2247 989 2463 1061 bilem

336 1113 621 1186 movet,
649 1102 842 1195 quod
874 1127 917 1173 a
950 1102 1409 1195 conceptibus
1441 1103 1896 1174 nobilissimis
1930 1104 2025 1173 ad
2057 1105 2467 1175 communia

338 1218 476 1289 illa
503 1218 890 1290 descendat
918 1217 1435 1313 “Ingeminant
1460 1217 1716 1288 Austri
1749 1226 1827 1288 et
1852 1216 2311 1288 densissimus
2334 1217 2469 1290 im-

344 1345 400 1376 “
437 1336 623 1405 ber.”
721 1334 974 1406 Nescit
1028 1335 1280 1427 utique
1324 1334 1637 1416 criticus,
1683 1334 1876 1427 quod
1927 1333 2197 1426 optime
2249 1333 2470 1405 sensit

345 1462 588 1544 poeta,
623 1461 783 1543 post
816 1451 1093 1522 fulmen
1130 1449 1466 1521 emissum
1503 1450 1885 1544 largiorem
1922 1451 2293 1542 extemplo
2333 1450 2469 1521 im-

349 1568 551 1638 brem
584 1566 1036 1649 descendere,
1072 1577 1148 1638 et
1185 1576 1561 1638 ventorum
1598 1566 1851 1661 augeri
1883 1565 2051 1638 vim.

456 1683 784 1754 Liberior
828 1695 938 1755 est
971 1683 1048 1753 in
1097 1683 1511 1778 hujusmodi
1555 1682 1860 1755 materia
1891 1683 2223 1755 Valerius
2259 1683 2461 1757 Flac-

356 1824 506 1886 cus»,
537 1799 776 1895 gravis
811 1799 1077 1892 alioqui
1111 1809 1185 1870 et
1219 1823 1507 1871 severus
1539 1799 1865 1891 scriptor.
1947 1799 2134 1894 Ejus
2166 1809 2278 1871 est
2309 1801 2470 1893 pul-

361 1917 712 1986 cherrima
749 1915 1190 2007 comparatio
1225 1914 1509 1986 Medeae
1551 1914 1864 2006 patriam
1908 1914 2269 1986 relicturae
2308 1917 2465 2009 jam

359 2032 642 2125 pavidae
675 2041 893 2125 atque
917 2032 1340 2115 haesitantia,
1367 2052 1533 2102 cum
1568 2033 1765 2123 prole
1799 2032 2045 2102 avium
2080 2056 2122 2103 e
2155 2031 2327 2102 nido
2360 2056 2468 2103 re-

360 2171 527 2219 cens
563 2147 846 2218 educta.

532 2309 758 2388 Qualis
784 2308 997 2374 adhuc
1026 2323 1273 2374 teneros
1301 2329 1664 2395 supremum
1695 2307 1931 2395 pallida
1958 2308 2152 2373 foetus

480 2458 499 2467 -
531 2415 750 2478 Mater
776 2413 861 2478 ab
890 2410 1137 2476 excelso
1167 2410 1472 2498 produxit
1498 2410 1562 2474 in
1591 2418 1738 2475 aera
1770 2410 1943 2489 nido,

529 2517 980 2603 Hortaturque
1009 2513 1212 2601 sequi,
1242 2513 1711 2601 brevibusque
1694 2537 2020 2602 msurgere
2047 2513 2308 2602 pennis,
2290 2540 2305 2553 ·

531 2617 687 2683 Illos
713 2618 963 2684 caerulei
993 2618 1238 2704 primus
1265 2616 1412 2683 ferit
1439 2617 1664 2682 horror
1691 2617 1993 2706 ΟΙγῐηρίς

527 2722 807 2809 Jamque
835 2718 1042 2784 redire
1070 2735 1320 2808 rogant,
1351 2718 1741 2807 adsuetaque
1771 2719 2085 2807 quaeritur
2111 2718 2319 2783 arbor.

1723 2824 2007 2885 Ancon.
2040 2821 2199 2886 VII.
2231 2822 2385 2887 375.

459 2961 819 3055 Magnum
851 2959 927 3029 in
962 2962 1101 3030 hoc
1134 2970 1350 3051 poeta
1395 2958 1615 3028 fuisse
1662 2970 1950 3030 naturae
1996 2958 2321 3038 studium
2372 2966 2481 3027 at-

358 3101 499 3170 que
547 3097 867 3147 amorem
918 3073 1230 3167 plurima
1279 3072 1708 3144 confirmant
1744 3074 1947 3142 loca:
2002 3094 2237 3165 neque
2287 3071 2481 3141 enim

359 3190 869 3262 venustissima
900 3186 1024 3259 illa
1060 3186 1151 3258 de
1181 3187 1593 3278 Halcyones
1619 3184 1792 3255 nido
1826 3185 2124 3277 abrepto
2148 3183 2483 3255 fluctibus

362 3308 569 3378 scribi
623 3306 942 3399 potuisse
993 3303 1231 3386 credo,
1276 3300 1417 3372 nisi
1468 3311 1541 3371 et
1585 3324 1740 3373 rem
1792 3301 1939 3372 suis
1991 3300 2143 3395 ipse
2188 3300 2482 3373 vidisset

362 3422 605 3506 oculis,
666 3432 741 3494 et
800 3421 876 3491 in
949 3430 1270 3491 mentem
1339 3427 1686 3509 tanquam
1741 3416 2055 3510 κειμήλιον
2116 3416 2477 3511 quoddam

360 3548 607 3631 postea
642 3536 1207 3630 depromendum
1243 3532 1625 3605 retulisset.

535 3702 804 3768 Fluctus
833 3701 917 3767 ab
947 3698 1246 3765 undisoni
1274 3721 1392 3763 ceu
1421 3698 1587 3762 forte
1614 3696 1935 3784 crepidine
1964 3695 2100 3760 saxi

537 3807 703 3871 Cum
735 3804 903 3893 rapit
934 3802 1301 3891 Halcyones
1328 3801 1571 3866 miserae
1597 3801 1957 3887 foetumque
1983 3798 2342 3885 laremque;

538 3910 607 3974 It
637 3931 828 3997 super
856 3930 1030 3994 aegra
1056 3927 1318 3994 parens:
1367 3902 1784 3991 queriturque
1813 3899 2209 3966 tumentibus
2235 3897 2447 3975 undis,

538 4012 732 4075 Certa
760 4008 936 4095 sequi
968 4028 1355 4096 quocunque
1382 4006 1627 4080 ferant3
1677 4003 2022 4089 audetque,
2055 4013 2407 4085 pavetque;
2470 4044 2475 4048 -
