3559 5575
1028 116 1159 179 404
1755 109 1998 174 PARS
2045 107 2416 173 TERTIA
2595 108 2820 170 Pam..
2849 109 3172 175 XXXI.

1025 284 1371 365 oratione,
1412 280 1653 375 qualia
1702 292 1897 354 sunt'
1924 283 2154 352 multa
2202 279 2280 349 in
2336 279 2572 371 primo
2625 280 3170 377 Georgicorum

1024 399 1401 471 interitum
1463 396 1767 467 Caesaris
1820 405 2222 467 consecuta.
2330 395 2616 466 Horum
2668 406 2919 467 autem
2980 397 3173 468 nulli

1023 515 1213 586 inest
1247 534 1572 586 severum
1607 511 1789 582 illud
1821 524 1897 583 et
1931 512 2231 582 affectus
2263 510 2585 604 graviter
2615 513 2972 584 commoti
3023 513 3171 607 sig-

1024 652 1224 712 num,
1260 627 1453 721 quod
1485 627 1563 697 in
1596 626 1855 697 ultimo
1889 650 2100 697 versu
2135 624 2570 709 continetur,

1373 749 1520 812 Hoc
1549 747 1755 811 visum
1786 745 1968 825 nulli,
2001 769 2129 810 non
2157 744 2274 832 ipsi
2307 745 2497 811 effata
2523 746 2756 811 sorori:

1024 883 1240 954 quem
1274 860 1399 954 qui
1432 860 1610 956 legit
1646 863 1942 953 (praeter
1975 858 2345 930 infandam
2384 859 2686 930 monstri
2718 858 2946 951 ipsius
2998 883 3163 953 spe-

1025 976 1240 1068 ciem)
1267 999 1433 1046 eum
1462 977 1713 1047 subeat
1739 997 2024 1046 necesse
2049 983 2161 1045 est
2181 983 2534 1066 quantum
2565 973 2849 1044 animus
2873 976 3159 1071 reginae

1026 1093 1392 1162 horrorem
1444 1115 1539 1162 ex
1589 1090 1813 1162 tacito
1858 1090 2015 1160 visu
2062 1088 2527 1182 concepisset,
2563 1100 2648 1162 ut
2681 1113 2774 1160 ne
2820 1113 3151 1183 unquam

1025 1205 1264 1279 dicere
1316 1206 1605 1300 quidem
1652 1208 1952 1278 auderet
1983 1204 2178 1298 quod
2220 1204 2369 1276 imo
2409 1206 2622 1277 corde
2654 1205 2778 1276 diu
2814 1218 3007 1278 esset
3041 1207 3153 1277 in-

1024 1323 1277 1393 fixum.

1126 1438 1293 1508 Pari
1321 1439 1548 1509 ferme
1575 1437 1844 1507 virtute
1869 1434 2168 1531 insignis
2194 1446 2305 1507 est
2331 1434 2579 1527 (Edipi
2604 1434 2796 1505 illius
2822 1435 3147 1507 Colonaei

1023 1574 1213 1623 mors
1248 1577 1291 1623 a
1325 1553 1675 1644 Sophocle
1709 1552 2018 1622 conficta
2037 1563 2086 1621 ⁸.
2167 1551 2335 1622 Non
2371 1551 2764 1622 terribilem
2786 1553 2946 1645 jam
2979 1553 3145 1624 dico

1021 1690 1264 1738 rerum
1315 1676 1763 1760 apparatum,
1800 1667 2075 1738 tonitru
2109 1668 2158 1737 J
2160 1667 2311 1738 ovis
2358 1678 2433 1738 et
2467 1667 2737 1761 fulgur,
2768 1677 2847 1738 et
2880 1667 3146 1739 infero-

1020 1805 1181 1852 rum
1230 1805 1437 1853 voces
1489 1806 1725 1853 moras
1774 1782 2348 1874 increpantium:
2403 1782 2513 1852 his
2566 1793 2760 1853 certe
2811 1783 3141 1853 omnibus

1022 1898 1356 1991 majestas
1406 1922 1537 1968 sua
1581 1898 1791 1981 inest,
1839 1898 1967 1969 sed
2012 1901 2296 1991 qualem
2348 1897 2710 1969 innumeri
2763 1908 3139 1990 poetarum

1020 2013 1160 2084 loci
1195 2013 1330 2085 sibi
1363 2014 1519 2107 pari
1542 2016 1711 2109 jure
1747 2012 2236 2095 vindicarent;
2289 2014 2692 2107 praesertim
2728 2015 2987 2085 chorus
3017 2013 3137 2085 ille

1026 2128 1496 2200 Prometheus
1532 2129 1712 2199 nulli
1744 2128 1821 2199 in
1857 2130 2109 2200 eodem
2141 2153 2404 2225 genere
2438 2130 2816 2226 secundus,

1465 2259 1578 2321 Kal
1606 2262 1714 2342 μὴν
1744 2258 1892 2345 ἔργῳ
1924 2259 2142 2322 κοῦκᾶτι
2174 2260 2324 2345 μύθῳ

1629 2357 1792 2421 Χθὼν
1821 2359 2165 2423 σεσάλευται
2198 2387 2258 2424 κ.
2289 2385 2349 2422 τ.
2382 2388 2443 2423 α.

1023 2477 1411 2548 Nobilioris
1445 2489 1688 2550 autem
1725 2479 1998 2578 ingenii
2041 2491 2151 2552 est
2184 2481 2424 2565 foetus,
2456 2478 2758 2575 signum
2809 2477 3007 2552 illud
3044 2482 3133 2551 ab

1021 2592 1284 2685 OEdipo
1343 2596 1811 2686 propositum,
1864 2607 1949 2668 ut
1999 2597 2348 2689 promissa
2405 2622 2537 2669 sua
2587 2598 2871 2669 Theseo
2928 2597 3130 2669 modo

1019 2709 1210 2779 facta
1270 2709 1763 2793 commendet3
1817 2735 1893 2782 se
1946 2711 2167 2784 oculis
2218 2715 2551 2784 orbatum
2602 2711 2891 2795 scilicet,
2940 2722 3127 2783 recta

1021 2827 1218 2896 nullo
1252 2825 1433 2897 duce
1475 2837 2046 2905 monstraturum
2089 2827 2249 2911 iter,
2286 2830 2512 2900 donec
2557 2829 2653 2900 ad
2695 2831 2935 2900 locum
2982 2852 3130 2921 per-

1021 2942 1300 3014 venerit
1346 2942 1469 3013 ubi
1513 2967 1683 3015 eum
1716 2944 1871 3014 vita
1914 2945 2262 3015 excedere
2313 2944 2389 3014 in
2440 2944 2608 3016 fatis
2661 2954 2873 3015 esset.
2975 2945 3130 3026 Quo

1020 3058 1312 3152 quidem
1363 3070 1768 3130 commento
1819 3082 2128 3141 scenam,
2164 3059 2432 3154 alioqui
2478 3083 2648 3132 sane
2681 3059 3030 3154 religione
3061 3067 3131 3129 et

1019 3197 1219 3245 sacro
1252 3187 1450 3246 metu
1485 3175 1873 3270 egregiam,
1908 3173 2121 3245 altius
2154 3175 2330 3246 fecit
2362 3175 2438 3245 in
2484 3185 2804 3247 mentem
2850 3174 3130 3246 lectoris

1021 3287 1470 3372 descendere,
1506 3314 1722 3383 quam
1772 3289 2056 3383 fragore
2106 3290 2269 3361 coeli
2318 3301 2393 3361 et
2441 3290 2779 3375 tenebris,
2818 3300 2947 3361 aut
2984 3289 3131 3359 dae-

1024 3425 1317 3473 monum
1354 3406 1557 3475 vultu
1594 3430 1679 3476 ac
1714 3405 2111 3477 ministerio
2145 3416 2382 3498 posset
2417 3405 2624 3479 effici.

1122 3519 1493 3599 Quantum
1531 3542 1700 3590 vero
1733 3521 1846 3590 his
1880 3522 2091 3592 rebus
2126 3521 2459 3613 ponderis
2506 3520 2701 3602 insit,
2737 3543 2902 3613 quae
2951 3517 3132 3588 nihil

1021 3631 1318 3726 speciosi
1373 3632 1446 3702 in
1511 3658 1588 3705 se
1642 3637 1931 3719 habent,
1992 3647 2246 3729 utpote
2314 3636 2556 3708 animo
2613 3636 2855 3729 potius
2914 3656 3131 3727 quam

1021 3750 1243 3823 oculis
1275 3750 1694 3840 haurienda,
1726 3752 1895 3824 licet
1933 3755 2190 3848 vulgus
2240 3753 2666 3844 scriptorum
2712 3754 3132 3844 plerumque

1019 3868 1276 3962 fugiat,
1311 3878 1387 3939 at
1427 3868 2098 3959 praestantissimum
2148 3891 2528 3961 quemque,
2574 3867 2798 3940 etiam
2846 3866 2923 3936 in
2976 3889 3134 3958 por-

1021 3985 1241 4056 tentis
1293 4008 1532 4056 rerum
1572 3985 1985 4068 referendis,
2021 3987 2201 4056 bene
2236 4009 2441 4058 nosse
2475 3986 2966 4058 confitendum
2999 3996 3130 4056 est.

1597 4136 1601 4144 ·
1633 4116 1761 4168 Usi.
1797 4120 1938 4172 [Καὶ.
1974 4120 2098 4172 [²111.
2138 4136 2198 4192 15
2222 4120 2554 4172 Ιῌ-ν-Ιίιῇᾖ.
