3559 5575
482 92 547 157 am
611 90 734 157 runs
758 87 981 154 snounnn
1004 86 1069 151 ns
1093 36 1296 152 Anrncn}
1328 86 1444 153 raas.
1460 87 1545 154 xv.
1679 97 1680 114 ι

612 264 710 345 Αὐτὰρ
723 257 782 347 'syri
795 258 989 341 πανάποτμος,
1005 257 1061 321 lul
1077 255 1157 321 τοίιοι
1170 256 1233 332 olas
1246 255 1378 343 ἀρίστους

608 361 694 452 Τροίῃ
710 366 736 427 lu
749 360 849 449 ιύριίῃ,
862 367 919 426 τῶν
933 363 955 424 δ’
970 358 1063 425 οὗτιιίι
1077 374 1150 443 φημι
1165 361 1323 437 mariolas.

608 570 693 633 Ἀλλ’
709 569 793 631 alicio
810 567 893 647 θοοὺς,
907 568 1043 652 Ἀχιλεῦ,
1058 563 1142 630 αὐτόν
1156 566 1182 629 τ’
1197 565 1324 646 itincre,

610 670 797 753 Μνηοᾶμινος
811 676 862 734 σοῦ
875 670 991 754 πατρός·
1017 666 1076 755 lysi
1090 670 1111 730 δ’
1126 668 1305 755 ἕλοιινότιρός
1318 694 1369 755 περ

605 770 716 850 'Eram
731 773 767 851 δ’,
781 772 811 834 ol'
827 769 903 836 οὕτω
917 797 959 844 τις
975 769 1126 855 ἐπιχθόνιος
1139 772 1240 856 βροτὸς
1254 768 1355 849 ἄλλος,

609 874 720 961 Ἀιδρδς
734 870 908 951 παιδοφόνοιο
923 874 987 936 ποτὶ
1001 873 1099 955 στόμα
1110 876 1187 959 χεῖρ’
1201 872 1360 959 ὀρέγεσθαι.

1295 974 1347 1039 11..
1362 978 1405 1038 Ω.
1420 973 1495 1039 486.

531 1131 602 1203 Cui
625 1154 709 1204 vero
734 1130 773 1200 id
798 1128 930 1200 mirum
953 1126 1068 1199 videri
1093 1128 1238 1237 poterit,
1262 1129 1304 1214 si,
1328 1130 1431 1201 ferox
1454 1129 1541 1201 licet

439 1254 440 1257 ’
480 1248 590 1320 fuerit
606 1249 678 1319 huc
699 1269 813 1339 usque
835 1254 872 1316 et
891 1242 1131 1328 inexorabilis,
1149 1244 1206 1315 his
1229 1254 1353 1316 tamen
1374 1245 1541 1317 devictus

481 1364 655 1456 precibus,
673 1361 751 1435 seni
767 1360 864 1456 quod
880 1359 1043 1453 petiisset
1059 1359 1328 1468 concedendum
1346 1361 1484 1433 ducat?

610 1514 764 1602 lerrlpwr
777 1513 872 1581 πολιόν
885 1538 919 1580 τι
932 1513 1015 1599 κάρη,
1029 1513 1125 1579 πολιόν
1139 1540 1172 1579 τι
1185 1513 1297 1601 γιίιιοι.

480 1660 638 1757 Egregie
663 1682 748 1731 sane
773 1658 858 1730 huic
883 1660 962 1731 loco
986 1660 1111 1731 insunt
1132 1660 1208 1731 fere
1233 1635 1354 1731 omnio
1380 1684 1464 1753 quae
1492 1663 1539 1734 ad

480 1776 629 1849 affectus
664 1775 887 1849 deliniendos
919 1776 1114 1869 pertinent,
1146 1777 1310 1870 quamvis
1343 1776 1434 1848 illud
1458 1796 1538 1871 'prae

479 1892 621 1965 caeteris
637 1893 785 1982 eniteat,
802 1892 900 1988 quod
915 1903 953 1963 et
969 1914 1046 1962 rem
1063 1893 1266 1987 legentibus
1282 1892 1320 1963 in
1344 1902 1537 1984 conspectu

480 2018 591 2102 ponat
609 2008 772 2102 scriptor,
788 2018 826 2081 et
843 2009 996 2101 supplex
1010 2007 1088 2100 ipse
1105 2006 1273 2079 Priamus
1295 2009 1447 2079 eandem
1470 2010 1537 2080 sibi

480 2126 528 2196 ad
544 2125 697 2197 Achillis
715 2124 981 2197 miserationem
999 2122 1095 2194 viam
1113 2134 1309 2217 comparet.
1349 2122 1478 2216 Atqui,
1495 2134 1536 2195 ut

481 2251 613 2314 caetera
628 2266 726 2313 nunc
747 2250 898 2323 taceam,
915 2228 1094 2311 summam
1112 2250 1235 2311 tamen
1253 2240 1347 2311 hanc
1363 2238 1536 2311 virtutem

480 2356 666 2450 praeterire
682 2340 833 2451 nequeo,
850 2356 948 2454 quod
958 2342 1041 2448 ,sine
1057 2355 1141 2427 fuco
1158 2367 1195 2428 et
1212 2355 1408 2451 pigmentis
1428 2367 1466 2427 et
1482 2380 1537 2427 so-

481 2472 562 2547 nitu
578 2470 690 2555 inani,
703 2480 802 2543 casto
814 2472 935 2545 omnia
948 2482 986 2543 et
998 2471 1153 2564 simplici
1164 2495 1327 2544 sermone
1339 2472 1535 2565 profluant;

480 2587 624 2681 qualem
641 2586 779 2657 miseris
795 2587 890 2657 ultro
911 2588 1118 2679 suppeditat
1134 2598 1276 2671 natura,
1294 2589 1439 2683 quando
1464 2611 1537 2660 mo·

480 2713 540 2775 tus
556 2701 690 2773 interni
707 2701 867 2798 linguam
885 2704 965 2773 vult
981 2726 1057 2775 esse
1073 2704 1319 2798 interpretem.

531 2819 625 2891 Sunt
654 2819 718 2914 qui
746 2820 899 2893 eandem
922 2844 1002 2912 ¹rem
1032 2820 1211 2916 attingere
1238 2820 1328 2908 ausi,
1353 2821 1391 2892 in
1421 2844 1537 2896 meros

481 2937 651 3009 clamores
694 2937 848 3010 abeunt:
887 2937 983 3009 Deos
1021 2937 1255 3032 hominesque
1288 2939 1537 3012 conclamant:

480 3054 586 3146 pleno
603 3077 664 3126 ore
684 3052 981 3148 amplissimisque
998 3052 1145 3124 vocibus
1166 3063 1300 3148 sortem
1325 3076 1429 3125 suam
1453 3076 1539 3125 cou-

480 3180 701 3262 queruutur:
728 3179 792 3242 aut
809 3168 840 3242 si
855 3170 1001 3265 quando
1016 3167 1169 3240 leniores
1185 3170 1310 3265 modos
1328 3168 1537 3256 adhibeant,

479 3295 668 3379 tantopere
684 3288 722 3358 in
740 3286 796 3356 his
812 3288 994 3358 exsultare
1007 3295 1044 3357 et
1054 3286 1218 3358 lascivire
1231 3287 1359 3373 solent,
1369 3295 1414 3356 ut
1426 3285 1545 3378 diser-⁴

480 3399 553 3470 tius
571 3423 680 3492 quom
697 3400 814 3472 verius
838 3401 959 3472 dolere
976 3401 1178 3489 videantur,
1195 3410 1232 3473 et
1250 3401 1364 3498 magis
1386 3400 1476 3496 quid
1496 3400 1535 3471 in

481 3513 547 3584 tali
562 3535 601 3584 re
618 3512 690 3584 dici
706 3512 817 3606 possit
834 3517 1033 3600 ostendere,
1050 3538 1160 3610 quam
1178 3514 1265 3611 quid
1286 3516 1355 3609 ipsi
1377 3515 1535 3588 sentiant

481 3627 610 3700 dicere.
663 3629 756 3701 Haec
778 3641 901 3702 autem
918 3631 1018 3716 sitia,
1035 3656 1118 3727 quae
1141 3631 1315 3726 exemplis
1332 3633 1456 3704 statim
1473 3631 1537 3703 ad·

366 3825 370 3834 ,
481 3744 598 3816 ductis
628 3745 657 3816 si
684 3768 749 3838 per
777 3759 920 3840 tempus
944 3747 1069 3821 liceret
1093 3759 1268 3833 notarem,
1291 3749 1440 3842 posthac
1464 3747 1537 3820 for-

481 3871 575 3935 tasse
591 3861 703 3936 satius
719 3863 789 3937 en't
805 3873 972 3938 tractore.
