3559 5575
482 99 713 163 Pam..
747 99 996 164 XXX.
1153 101 1284 166 DE
1333 101 1926 168 PHANTASIA.
2465 105 2591 175 891

480 271 612 343 stri
665 283 924 344 natura
982 272 1283 346 fortasse
1336 297 1480 345 non
1546 276 1902 348 abhorret.
2006 274 2116 345 At
2166 297 2332 368 quae
2385 275 2595 349 initio

476 391 844 484 leguntur,

651 510 858 573 Parva
887 521 1063 573 metu
1093 509 1320 596 primo,
1348 531 1498 574 mox
1530 533 1664 574 sese
1690 508 1925 574 attollit
1951 509 2016 574 in
2046 532 2255 590 auras,

652 610 1151 698 Ingrediturque
1179 611 1334 691 solo,
1364 625 1430 676 et
1456 625 1652 699 caput
1678 611 1844 675 inter
1872 611 2093 676 nubila
2119 611 2358 691 condit,

474 753 621 801 non
673 732 884 801 modo
937 735 1122 803 male
1172 755 1338 804 cum
1400 732 1862 825 sequentibus
1914 733 2374 817 conveniunt,
2425 757 2591 830 quae

478 868 640 917 eam
688 853 903 916 noctu
951 843 1206 918 volare
1246 848 1591 931 referunt,
1626 859 1702 919 et
1734 847 2049 920 interdiu
2087 845 2426 920 turribus
2460 857 2599 920 aut

479 958 655 1031 tecti
686 957 1003 1032 culmine
1037 958 1389 1046 insidere,
1426 964 1551 1034 sed
1592 963 1934 1055 temporis
1972 964 2098 1034 illa
2144 965 2410 1035 mutati
2454 965 2598 1060 sig-

481 1077 821 1160 nificatio,
870 1077 945 1147 in
995 1078 1227 1149 verbis
1268 1075 1524 1173 primo
1578 1089 1654 1151 et
1707 1100 1875 1148 mox
1933 1080 2187 1171 posita,
2239 1083 2450 1173 plane
2502 1081 2597 1151 ad

479 1216 722 1264 veram
758 1194 1065 1264 rumoris
1098 1194 1453 1265 rationem
1479 1194 2040 1278 accommodata,
2067 1218 2232 1266 cum
2258 1195 2429 1266 ficta
2460 1195 2597 1266 hac

476 1308 794 1404 imagine
827 1320 1155 1381 constare
1193 1309 1469 1402 nequit.
1572 1309 1693 1381 Sic
1736 1309 1931 1381 enim
1971 1312 2129 1405 jam
2176 1334 2320 1380 non
2373 1334 2594 1381 unam

479 1424 787 1516 speciem
838 1425 1279 1508 habebimuS,
1330 1447 1547 1518 quam
1602 1425 1832 1497 Terra
1881 1449 2138 1518 parens
2189 1437 2591 1498 extremam

478 1539 884 1636 progenuit,

913 1726 1073 1788 Coeo
1101 1722 1553 1810 Enceladoque
1583 1724 1897 1804 Sororem,

480 1898 609 1968 sed
664 1906 841 1989 quot
890 1897 1264 1969 hominum
1320 1921 1664 1982 rumoreS,
1714 1908 1829 1970 tot
1885 1898 2080 1970 nasci
2141 1909 2462 1971 monstra
2514 1909 2591 1971 et

480 2035 795 2083 crescere
847 2014 1283 2084 credendum
1333 2012 1495 2083 erit.
1597 2012 1795 2083 Tum
1836 2014 1914 2083 in
1949 2036 2123 2083 voce
2166 2013 2290 2085 illa
2323 2011 2592 2085 Parva

481 2134 675 2198 metu
726 2127 997 2220 pariter
1046 2127 1390 2198 confundi
1435 2127 1776 2198 videntur
1825 2151 1938 2198 res
1989 2138 2318 2222 utraque,
2352 2130 2596 2222 proxi·

480 2267 674 2315 mam
720 2244 882 2315 dico
927 2254 1002 2315 et
1034 2244 1514 2315 remotiorem.
1619 2243 1902 2314 Rumor
1950 2244 2144 2314 enim
2195 2242 2347 2336 ipse
2398 2247 2593 2317 haud

482 2357 697 2429 dubie
749 2369 948 2430 metu
999 2357 1450 2446 narrantium
1495 2357 1848 2451 premitur
1887 2357 2142 2450 primo,
2175 2367 2252 2429 et
2284 2358 2590 2453 exiguus

480 2469 625 2541 dici
675 2479 1091 2564 potest—‘at
1141 2471 1485 2566 quicquid
1540 2473 1846 2568 figuram
1900 2481 1976 2543 et
2026 2495 2279 2565 eorpus
2328 2472 2591 2562 induit,

477 2587 684 2659 silere
733 2587 834 2675 id,
884 2599 1214 2670 tremere,
1265 2589 1651 2681 quiescere,
1700 2588 1825 2658 vix
1874 2597 2119 2659 autem
2160 2610 2340 2685 prae
2391 2596 2588 2660 metu

462 2725 794 2801 parvum
804 2701 1000 2797 fieri
1032 2703 1302 2775 dixeris
1322 2714 1371 2773 θ.

560 2956 589 2995 ‘¹
614 2954 902 3019 Quoniam
932 2956 991 3015 in
1019 2957 1130 3015 hoe
1156 2968 1494 3035 argumento
1519 2968 1707 3035 poetae
1732 2954 1985 3015 Romani
2019 2953 2345 3032 complures
2377 2952 2590 3032 ingenii

479 3056 567 3112 sui
613 3053 927 3132 pericnlum
969 3053 1154 3112 facere
1191 3053 1514 3121 voluerunt,
1550 3072 1667 3111 non
1706 3051 2081 3126 injucundum
2124 3050 2314 3108 forsan
2355 3048 2464 3107 erit
2498 3048 2592 3108 hic

478 3152 639 3210 locos
665 3168 735 3208 ex
757 3149 934 3208 tribus
956 3147 1319 3209 nobilissimis
1340 3162 1602 3227 sumptos
1624 3147 1797 3205 simul
1818 3143 2047 3204 intueri.
2095 3143 2336 3203 Ovidius
2355 3144 2589 3223 quidem

478 3248 696 3309 eaeteris
723 3247 904 3308 laetior
930 3260 1037 3316 est,
1066 3259 1126 3305 et
1153 3245 1497 3327 imaginibus
1524 3242 1927 3303 abundantior.

642 3395 800 3453 Orbe
828 3394 990 3453 locus
1018 3394 1214 3453 medio
1242 3403 1334 3453 est
1359 3392 1509 3451 inter
1537 3404 1847 3469 terrasque,
1876 3390 2219 3469 fretumque,

641 3491 1030 3570 Coelestesque
1058 3490 1272 3571 piagas,
1304 3487 1544 3568 triplicis
1573 3487 1822 3548 confinia
1851 3486 2086 3557 mundi;

643 3587 815 3647 Unde
841 3588 999 3667 quod
1026 3598 1117 3646 est
1144 3607 1406 3666 usquam,
1438 3585 1695 3666 quamvis
1727 3584 2055 3666 regionibus
2084 3585 2249 3656 absit,

640 3687 985 3767 Inspicitur;
1032 3698 1407 3765 penetratque
1435 3706 1601 3746 cavas
1630 3706 1735 3745 vox
1765 3685 1956 3745 omnis
1983 3685 2057 3745 ad
2087 3705 2265 3745 aures.

640 3784 814 3845 Faus
844 3797 1021 3854 tenet,
1050 3803 1389 3863 summaque
1416 3783 1650 3843 domum
1683 3782 1792 3843 sibi
1822 3782 1963 3862 legit
1992 3782 2052 3841 in
2082 3802 2241 3842 arce:

639 3882 1095 3961 innumerosque
1123 3879 1328 3950 aditus,
1357 3900 1425 3940 ac
1455 3880 1611 3939 mille
1638 3878 1922 3939 foramina
1949 3877 2114 3939 tectis

639 3978 895 4046 Addidit,
926 3989 987 4036 et
1012 3977 1187 4038 nullis
1215 3977 1449 4039 inclusit
1476 3976 1678 4036 limina
1706 3976 1908 4057 portis.

1439 4078 1645 4146 cc4
