3559 5575
444 583 489 645 54
726 669 730 676 ἡ
824 576 947 641 raas
969 574 1130 640 PRIMA
1313 577 1428 642 rasa.
1446 576 1507 641 ιν.

442 752 533 824 illud
558 776 582 823 a
606 751 808 822 Phaetonte
837 759 1005 822 exortum
1035 747 1225 821 ambitiose
1255 761 1505 845 persequatur,

446 869 587 964 singula
604 867 752 963 singulis
769 866 954 961 adJiciens,
971 889 1054 960 quae
1072 867 1162 938 adeo
1178 888 1251 936 non
1269 866 1345 938 vim
1368 867 1508 939 addunt

365 1051 369 1059 .
446 996 489 1058 ut
505 984 625 1077 priora
641 985 856 1056 conturbent
874 982 1019 1076 penitus
1035 997 1075 1055 et
1090 983 1255 1055 obruant.

497 1102 622 1172 Unum
640 1123 687 1171 ex
704 1099 861 1172 millibus
885 1099 1058 1182 adferam,
1076 1099 1139 1169 nbi
1162 1122 1228 1192 pro
1251 1098 1395 1195 integra
1417 1097 1508 1170 ima·

446 1219 531 1315 gine
557 1217 698 1288 dissitas
724 1226 867 1288 tantum
894 1226 1014 1308 partes
1039 1213 1162 1286 animo
1184 1215 1365 1308 proponit,
1381 1215 1506 1287 AEneae

447 1335 595 1407 navium
612 1333 650 1404 in
668 1334 846 1426 nymphas
863 1331 1144 1404 conversionem.

535 1494 665 1560 Robore
679 1493 810 1574 mollito,
826 1493 977 1582 lignoque
990 1493 1023 1557 in
1038 1514 1171 1580 corpora
1185 1513 1288 1572 verso,

538 1597 579 1662 In
594 1597 734 1684 capitum
749 1594 860 1662 faciem
876 1618 1001 1684 puppes
1015 1606 1181 1658 mutantur
1190 1593 1332 1659 aduncoe.

537 1704 578 1767 ln
593 1700 710 1787 digitos
724 1700 844 1765 abeunt
859 1713 890 1763 et
905 1721 998 1763 crura
1012 1695 1154 1762 natamia
1167 1695 1265 1762 remi:

535 1803 694 1888 Quodque
709 1801 795 1865 sinus
809 1801 914 1865 fuerat
927 1799 1012 1866 latus
1024 1813 1090 1875 est3
1114 1797 1290 1886 mediisque
1304 1797 1411 1864 carina

537 1903 672 1970 Subdita
685 1902 819 1990 navigiis
833 1902 933 1990 spinae
947 1901 1138 1969 mutatorio
1153 1923 1257 1967 usum.

536 2005 622 2070 Lina
635 2025 734 2069 oomoe
747 2002 867 2084 molles,
883 2018 1029 2071 antenna
1041 2005 1171 2070 brachia
1184 2005 1277 2070 fiunt.

1045 2108 1256 2174 Ovru.M1·:r.
1273 2107 1371 2173 XIV.
1383 2109 1460 2178 549.

447 2274 546 2357 Quas
576 2273 684 2344 habet
714 2272 774 2342 ille
803 2271 958 2365 ineptias
982 2272 1028 2343 de
1053 2271 1218 2356 brachiis,
1236 2293 1350 2357 coma,
1367 2267 1503 2364 digitis,

449 2389 553 2466 solito
574 2389 712 2486 judicio
729 2387 892 2482 praeterit
909 2386 1094 2483 Virgilius,
1111 2388 1173 2481 qui
1196 2411 1273 2458 rem
1297 2385 1420 2481 paucis
1442 2386 1505 2457 ab·

450 2508 566 2581 solvit.

534 2638 795 2727 Delphinnmqne
810 2638 905 2703 modo
918 2637 1069 2704 demersis
1082 2661 1212 2726 aequora
1225 2638 1335 2704 rostris

536 2743 608 2806 Ima
621 2755 746 2828 petunt.
792 2741 880 2805 Hinc
895 2740 1045 2828 virgineae
1060 2740 1217 2825 (mirabile
1231 2746 1423 2829 monstrum)

535 2841 691 2907 Reddunt
706 2866 738 2907 se
756 2841 887 2907 totidem
903 2843 1009 2922 facies,
1025 2860 1187 2934 pontoque
1201 2846 1359 2911 feruntur.

1205 2951 1287 3014 AEu.
1305 2950 1372 3015 IX.
1385 2950 1458 3019 119.
1590 2962 1603 2977 ⁸

448 3076 548 3147 Nota
564 3085 649 3147 sunt
666 3075 702 3145 in
722 3077 790 3146 hoc
806 3098 938 3170 genere
955 3077 1096 3148 Lucani
1112 3077 1211 3150 vitia.
1257 3076 1389 3149 Ouidio
1405 3085 1503 3149 certe

447 3191 590 3288 gravior
614 3200 681 3274 est,
704 3202 742 3263 et
762 3206 975 3286 generosum
1001 3195 1114 3289 magis
1140 3193 1254 3286 sapit:
1281 3193 1344 3264 sed
1366 3192 1502 3286 poesim

447 3310 553 3402 plane
582 3306 755 3379 addidicit
782 3317 956 3402 tanquam
987 3310 1178 3381 artificium
1208 3309 1402 3404 quoddam,
1428 3334 1501 3382 non

446 3424 569 3497 divino
604 3448 752 3497 munere
786 3425 947 3497 delatum
983 3426 1133 3518 accepit.
1184 3426 1352 3521 Singulas
1382 3437 1502 3519 partes

448 3542 639 3636 aliquando
662 3565 736 3615 non
762 3540 954 3613 infeliciter
979 3541 1165 3637 designat:
1191 3542 1307 3611 haeret
1323 3551 1446 3613 autem
1462 3541 1500 3612 in

447 3657 503 3729 bis
520 3682 633 3752 nsque
650 3658 697 3727 ad
713 3656 912 3743 fastidium,
929 3668 967 3728 et
983 3656 1077 3728 sicut
1094 3655 1217 3727 caeteri
1239 3656 1302 3749 qui
1324 3655 1362 3726 in
1385 3680 1428 3728 eo
1450 3658 1500 3728 la·

448 3773 575 3845 borant
601 3795 702 3845 snam
729 3783 771 3843 nt
799 3773 1073 3845 foecunditatem
1105 3783 1315 3858 monstrent,
1342 3785 1501 3847 mentem

446 3889 589 3961 lectoris
606 3886 759 3958 dimittit
775 3887 955 3983 frigidam.
1006 3889 1105 3972 Quot
1122 3889 1272 3985 exiguas
1292 3914 1349 3962 res
1367 3889 1501 3985 ingerit

446 4006 484 4076 in
502 4014 660 4099 pugnam
678 4002 776 4074 illam
795 4007 957 4077 navalem
975 4006 1013 4076 in
1032 4006 1159 4078 Tertio
1177 4007 1386 4091 Pharsaliae,
1404 4008 1502 4079 baud

447 4143 533 4193 sane
549 4120 585 4189 vi
604 4119 760 4213 quadam
780 4120 916 4217 ingenii
939 4123 1171 4196 destitutam!
1198 4124 1275 4196 Ista
1299 4134 1421 4195 autem
1447 4123 1503 4194 ni·

448 4237 529 4311 mia
544 4233 745 4307 sollicitudo
768 4259 790 4308 a
813 4260 954 4309 summa
972 4262 1092 4311 rernm
1110 4241 1242 4312 avertit
1258 4240 1383 4324 aciem,
1400 4250 1439 4312 et
1455 4263 1501 4329 nc

447 4351 582 4445 aliquid
598 4350 821 4424 desideretur
837 4353 1026 4425 confundit
1041 4356 1172 4428 omnia.

499 4470 636 4540 Iterum
654 4468 691 4539 in
709 4479 812 4541 sexto
829 4470 994 4565 ejusdem·
1008 4471 1185 4556 carminis,
1204 4473 1439 4567 asperrimum
1461 4472 1499 4544 in
