3559 5575
1004 101 1134 165 410
1679 96 1921 161 PARS
1969 94 2354 159 TERTIA
2557 96 2788 159 Pur..
2819 95 3146 160 XXXII.

1004 273 1288 363 Nempe
1322 293 1410 341 ea
1440 271 1599 364 lege
1632 269 2061 340 constitutos
2105 291 2258 339 esse
2304 267 2630 338 homines
2672 271 2835 362 jam
2891 293 2948 339 a
3000 271 3150 361 ple-

1002 389 1241 481 risque
1305 385 1742 478 philosophis
1811 407 2223 455 concessum
2293 385 2661 467 habemuS,
2729 397 2818 456 ut
2881 385 3149 455 omnia

1000 505 1226 575 ferme
1259 525 1423 595 quae
1459 501 1688 572 menti
1721 511 2101 571 occurrant
2136 511 2265 570 aut
2300 500 2671 591 voluptate
2707 501 2971 593 aliqua
3017 514 3145 571 aut

999 620 1242 691 dolore
1273 616 1565 709 impulsi
1599 615 2034 687 sentiamus:
2089 625 2296 686 tanta
2329 625 2575 685 autem
2611 627 2720 686 est
2755 617 2865 686 rei
2900 617 3142 708 ipsius

1001 758 1166 806 cum
1213 731 1438 804 animi
1486 756 1697 803 sensu
1744 731 2219 814 necessitudo,
2255 741 2548 825 tamque
2591 732 2783 802 inter
2815 757 2898 802 se
2937 732 3143 802 colli-

1002 861 1269 946 gantur
1300 847 1586 941 penitus
1612 858 1688 919 et
1714 849 2102 929 cohaerent,
2134 857 2216 917 ut
2240 846 2302 916 si
2333 870 2448 917 res
2483 847 2771 917 easdem
2797 859 2939 918 aut
2967 871 3139 917 con-

1004 964 1269 1035 similes
1314 964 1459 1035 fors
1505 964 1744 1057 aliqua
1786 972 2033 1055 postea
2074 963 2438 1045 obtulerit,
2473 963 2799 1054 protinus
2834 974 2978 1033 aut
3015 964 3137 1032 de-

1004 1081 1356 1151 lectemur
1388 1081 1577 1151 ultro
1613 1088 1740 1149 aut
1772 1079 2180 1158 doleamus;
2214 1078 2604 1170 redeatque
2639 1078 3131 1168 utplurimum

1008 1217 1255 1265 sensus
1311 1193 1457 1280 ille,
1510 1191 1635 1285 qui
1692 1215 1771 1262 re
1829 1191 2061 1283 primo
2121 1200 2469 1282 concepta
2507 1191 2799 1261 fuisset.
2908 1192 3131 1274 Quod

1008 1331 1176 1379 cum
1208 1307 1552 1378 latissime
1585 1317 1856 1399 pateat,
1891 1316 1968 1377 et
2001 1305 2093 1376 ad
2133 1305 2547 1375 universum
2594 1304 3127 1398 cogitationum

1005 1446 1234 1518 genus
1284 1431 1580 1514 spectet,
1632 1432 1790 1492 tum
1843 1421 1918 1490 in
1979 1420 2067 1491 iis
2128 1421 2529 1513 praesertim
2580 1421 2903 1490 cernitur
2958 1445 3128 1514 quae

1004 1538 1209 1608 nobis
1233 1539 1389 1631 jam
1423 1536 1595 1632 olim
1630 1560 1675 1606 a
1707 1536 2020 1628 pueritia
2062 1536 2139 1606 in
2187 1535 2459 1607 deliciis
2510 1535 2820 1616 fuerint;
2876 1539 3125 1631 quales

1007 1662 1178 1722 sunt
1209 1651 1529 1722 Deorum
1575 1660 1652 1720 et
1689 1651 2016 1721 Heroum
2053 1651 2338 1733 fabulae,
2374 1659 2449 1721 et
2482 1650 2825 1742 quicquid
2870 1676 2918 1722 a
2948 1652 3127 1722 vitae

1006 1765 1523 1838 consuetudine
1558 1768 1798 1858 paullo
1843 1767 2189 1839 remotius
2233 1767 2454 1837 semel
2498 1765 2832 1837 auditum
2881 1768 3127 1838 animo

1008 1883 1295 1976 penitus
1326 1882 1691 1954 insederit.

1112 2000 1303 2070 Illud
1345 2020 1555 2090 porro
1598 1997 1674 2068 in
1723 2001 1858 2068 hac
1903 1998 2301 2092 quaestione
2346 1998 2929 2091 praetereundum
2978 2018 3126 2067 non

1011 2125 1161 2188 est:
1217 2114 1560 2205 nimirum
1600 2113 1752 2206 ipsa
1789 2110 2201 2208 agitatione
2245 2121 2322 2184 et
2363 2121 2558 2184 motu
2593 2112 2936 2184 delectari
2973 2110 3127 2183 ani-

1013 2254 1236 2315 mum,
1288 2230 1566 2323 quoties
1625 2231 1760 2300 loci
1813 2230 2114 2324 alicujus
2165 2240 2294 2301 aut
2339 2231 2540 2300 verbi
2589 2228 2972 2321 repentina
3016 2227 3126 2297 vis

1011 2368 1409 2417 connexam
1444 2369 1683 2416 rerum
1719 2346 1972 2418 seriem
2008 2357 2225 2439 atque
2260 2345 2581 2417 ordinem
2619 2345 2857 2415 denuo
2890 2367 3125 2415 resur-

1009 2483 1180 2555 gere
1213 2461 1454 2547 faciat,
1490 2472 1588 2549 et,
1622 2461 1815 2533 facto
1851 2462 2056 2555 quasi
2090 2462 2185 2532 ad
2217 2473 2620 2532 extremam
2656 2483 2853 2531 oram
2890 2459 3121 2540 initio,

1009 2577 1154 2645 tela
1189 2575 1522 2668 quaedam‘
1557 2577 1880 2648 involuta
1907 2589 1982 2648 et
2009 2577 2134 2647 diu
2169 2600 2570 2669 compressa
2604 2576 2956 2668 explicari
2987 2599 3127 2647 οω-

1009 2688 1216 2781 perit.
1322 2688 1693 2773 Quocirca,
1729 2701 1815 2763 ut
1850 2692 2160 2788 egregiae
2206 2693 2351 2763 sint
2395 2716 2509 2763 res
2554 2702 2682 2762 aut
2725 2691 3124 2782 pulchritu-

1009 2804 1179 2877 dine
1212 2816 1341 2878 aut
1374 2808 1718 2892 novitate,
1752 2831 1895 2878 non
1946 2809 2333 2881 admodum
2383 2808 2626 2890 refert,
2670 2807 2882 2877 modo
2933 2808 3124 2878 inter

1010 2945 1087 2994 se
1120 2923 1407 3015 penitus
1441 2926 1872 3008 cohaereant,
1898 2935 1973 2997 et
2001 2925 2276 3020 agitata
2299 2926 2521 2995 semel
2554 2932 2797 2994 mente
2831 2922 2999 2994 aliae
3032 2945 3125 2994 ex

1012 3036 1170 3110 aliis
1204 3039 1465 3110 sensim
1498 3040 1972 3112 innotescant.

1112 3155 1309 3235 Quid
1353 3156 1547 3227 enim
1588 3156 1785 3227 aliud
1831 3157 1907 3226 in
1955 3179 2171 3226 causa
2216 3179 2368 3227 esse
2409 3165 2772 3249 putemuS,
2807 3178 2940 3226 cur
2976 3154 3128 3223 He·

1012 3269 1153 3342 rois
1203 3280 1331 3341 aut
1372 3272 1688 3344 foeminae
1734 3271 2031 3342 illustris
2081 3271 2372 3342 nomine
2415 3271 2687 3354 audito,
2723 3271 2814 3342 de
2864 3270 3125 3364 quibus

1012 3392 1218 3454 vetus
1265 3395 1505 3458 exstet
1539 3387 1858 3474 historia,
1898 3385 2144 3457 statim
2192 3386 2454 3457 arrecti
2504 3386 2763 3457 animis
2814 3396 2889 3457 et
2933 3408 3129 3455 com-

1016 3498 1193 3568 moti
1250 3500 1502 3570 fiamus
1524 3502 1558 3570 Ρ
1613 3501 1829 3572 Unde
1879 3502 2003 3573 illa
2053 3502 2410 3574 montium
2463 3501 2990 3594 fluviorumque
3045 3524 3130 3572 ac

1013 3612 1380 3708 regionum
1418 3615 1652 3686 brevis
1685 3617 1900 3688 modo
1934 3617 2207 3688 mentio
2249 3617 2443 3688 facta
2487 3616 2581 3688 ad
2626 3615 2921 3686 intimos
2969 3639 3131 3687 sen-

1015 3754 1133 3804 sus
1166 3728 1363 3802 illabi
1395 3741 1653 3822 posset,
1689 3729 1827 3801 nisi
1868 3732 2301 3826 jamdudum
2355 3740 2640 3824 reposta
2679 3741 2868 3801 esset
2903 3742 3134 3803 mate-

1015 3846 1176 3931 rieS,
1228 3871 1391 3940 quae
1443 3846 1677 3918 subito
1735 3857 1937 3919 tactu
1990 3849 2532 3934 concalesceret,
2583 3857 2660 3918 et
2710 3857 3129 3919 consuetam

1015 3964 1456 4056 voluptatem
1510 3962 1749 4034 animo
1801 3963 2020 4034 cieret
2047 3963 2082 4033 P
2147 3965 2389 4045 Quare
2439 3962 2519 4033 id
2569 3985 2849 4054 semper
2899 3974 3132 4057 agunt

1016 4088 1273 4169 poetae,
1307 4089 1389 4151 ut
1413 4103 1577 4173 quae
1613 4081 1768 4151 loca
1800 4090 1928 4152 aut
1961 4078 2256 4151 nomina
2288 4079 2381 4151 ad
2418 4079 2789 4151 historiam
2823 4089 2898 4150 et
2925 4080 3134 4151 fabu„
