3559 5575
498 66 565 130 242
834 58 957 123 PARS
980 56 1205 123 SECUNDA
1279 56 1395 124 Pur..
1409 56 1556 124 XVIII.

548 236 574 309 J
574 258 633 309 am
647 256 731 306 vero
747 236 973 326 nequaquam
990 233 1037 303 ab
1052 230 1124 303 ista
1134 228 1340 302 calamitate
1356 231 1559 304 misericor·
1672 309 1673 316 ἵ

498 353 596 426 diam
614 353 735 423 abesse
748 347 924 420 dixerim:
941 348 1053 419 immo
1069 345 1189 439 potius
1206 345 1279 417 acri
1296 369 1394 440 saepe
1410 348 1558 444 stringi-

498 480 559 541 tur
576 469 696 540 dolore
710 464 862 548 animus,
876 464 964 535 dum
977 463 1115 534 furores
1127 461 1232 533 audit
1241 459 1413 557 videtque
1425 464 1557 558 quibus

498 582 634 683 mederi
659 590 723 653 aut
748 579 915 652 solatium
937 580 1078 651 adferre
1101 601 1245 671 prorsus
1267 579 1407 672 nequit.
1458 580 1557 651 Illud

497 696 604 770 modo
621 696 875 791 praemonitum
894 694 1012 777 velim,
1025 694 1122 789 quod
1136 695 1245 790 vulgo
1262 694 1383 766 nriuus
1399 694 1557 793 intelligi

498 826 598 908 puto,
620 814 778 885 dolorem
805 810 941 884 scilicet
963 810 1109 882 aliunde
1132 833 1293 905 persaepe
1317 821 1439 883 ortum
1457 831 1555 900 ‘esse

399 950 405 961 ·
497 918 570 1001 non
582 932 635 1001 'ex
650 928 729 1021 ipso
744 928 880 999 insonae
897 926 1029 998 mentis
1045 927 1269 1020 spectaculo:
1293 926 1391 1020 quod
1408 928 1555 1021 quidem

498 1048 752 1141 spectaculum,
777 1044 1010 1139 quantumvis
1037 1043 1141 1116 triste
1165 1054 1276 1139 atque
1299 1046 1499 1133 horridum,
1524 1048 1556 1119 si

497 1163 642 1258 quando
659 1185 697 1235 se
713 1160 816 1233 nobis
832 1160 1013 1243 obtulerit,
1030 1161 1131 1231 nulla
1146 1183 1268 1232 rerum
1285 1162 1376 1233 serie
1392 1174 1458 1234 aut
1473 1186 1554 1256 per-

497 1301 666 1352 sonarum
693 1276 897 1373 cognitione
926 1285 1011 1348 ante
1040 1274 1262 1369 praeparatis,
1287 1277 1444 1348 aversari
1468 1302 1552 1350 sane

498 1395 664 1467 malimus
681 1415 790 1486 quam
807 1390 991 1484 adspicere
1007 1400 1046 1463 et
1062 1390 1258 1486 diligenter
1272 1390 1416 1463 intueri.

548 1507 593 1578 In
610 1505 795 1577 notissimo
812 1505 959 1599 quidem
973 1505 1112 1577 Orestis
1124 1506 1302 1599 exemplo,
1314 1506 1489 1600 quicquid
1499 1507 1553 1579 in·
1672 1487 1673 1502 ¹

497 1629 552 1691 est
563 1620 713 1692 insaniae
731 1645 773 1693 ac
788 1621 976 1705 surdarum,
987 1620 1085 1693 idem
1102 1631 1140 1693 et
1152 1632 1278 1714 pectus
1295 1622 1451 1694 hominis
1467 1623 1552 1696 diris

496 1742 642 1828 torquet
655 1735 892 1818 cruciatibus3
917 1736 1014 1807 unde
1030 1735 1069 1807 in
1086 1735 1237 1808 affectus
1254 1734 1481 1808 audientium
1496 1762 1553 1809 res

495 1849 601 1922 facile
623 1850 812 1923 introitum
836 1852 956 1923 habet.
1007 1849 1149 1944 Quippe
1175 1850 1357 1924 hominem
1382 1851 1552 1923 miserum

497 1975 535 2038 et
547 1967 763 2062 aegritudine
779 1964 970 2060 qfflictum,
985 1990 1058 2039 non
1076 1976 1199 2039 mente
1214 1977 1362 2061 captum
1379 1968 1552 2039 dolemus.

497 2080 640 2156 Dolonis
672 2083 751 2156 illos
784 2093 821 2156 et
848 2081 1049 2156 formidinis
1077 2082 1251 2176 inquietae
1277 2082 1452 2165 stimulos,
1480 2107 1552 2155 non
1672 2077 1673 2084 '

496 2200 609 2271 animi
634 2224 769 2273 errores
793 2209 916 2271 noster
943 2199 1046 2272 dolor
1074 2199 1246 2294 sequitur.
1298 2199 1406 2281 Quali
1441 2200 1551 2273 etiam
1672 2237 1673 2240 ¹

497 2337 602 2387 sensu
628 2317 808 2411 legentem
833 2314 994 2389 afficiunt
1018 2316 1174 2409 ejulatus
1198 2313 1261 2387 isti
1285 2337 1375 2411 quos
1399 2315 1444 2388 Io
1465 2316 1552 2388 liui-

496 2430 750 2502 bundaeffert.
1251 2436 1254 2439 ’

624 2548 664 2612 Tl
676 2548 744 2613 nori
756 2550 802 2632 μ’,
816 2547 840 2613 oi
856 2551 952 2636 Κρόνιε
966 2554 1029 2632 ποεῖ,
1043 2550 1073 2615 σι’
1086 2576 1166 2630 τοτε,

624 2650 726 2713 Talai
741 2648 881 2733 ἔνι’ζεοξοις
897 2650 978 2737 εὑρὼν
992 2655 1088 2739 εἱμαρ-

625 2755 739 2831 τοῢσιιν,
755 2754 781 2815 ἐν
795 2754 971 2835 πημοναῖσιν,
984 2752 998 2818 i
1010 2753 1038 2832 i,

624 2851 817 2944 Οἶστρηλῖιτομ
832 2854 859 2918 di
875 2853 985 2938 deipara

624 2954 763 3021 Δειλοιῐοιν
777 2956 939 3044 παράκοπον
953 2955 1003 3020 ὦδε
1017 2957 1133 3042 colpum

625 3061 700 3144 nupt
716 3059 826 3144 φλέξον,
841 3057 858 3138 l
871 3059 951 3147 χθονὶ
967 3059 1109 3139 κάλυψον,

619 3159 664 3225 Ἢ
677 3165 811 3226 σοντίοισι
826 3162 924 3227 δάκεσι
939 3163 981 3237 δὸς
995 3158 1095 3247 βορὰν,

624 3264 700 3341 Mqt'
714 3264 774 3345 ἐμοὶ
790 3264 918 3351 φθονήσῃς
933 3262 1095 3349 εὐγμάτων,
1110 3260 1190 3341 ἄνοιξ.

618 3361 705 3441 ”Ate
718 3391 755 3444 με
767 3365 986 3451 πολύπλαγκτοι
1000 3364 1108 3428 τλῖενιιι

581 3461 811 3548 raynucium,
826 3467 879 3528 ott
895 3465 955 3552 ἔχεο
968 3465 1064 3549 μαθεῖν
1078 3463 1129 3543 ὅτι]

711 3568 844 3648 Πημοιάς
858 3567 964 3646 ἀλύξω.
1164 3567 1283 3633 AEscu.
1298 3568 1414 3634 Pacu.
1428 3570 1506 3634 581.

492 3685 617 3780 Atque
634 3685 671 3755 in
690 3687 757 3758 hoc
773 3685 919 3780 quidem
934 3711 1067 3784 genere
1088 3688 1150 3762 ubi
1171 3688 1270 3762 intus
1293 3714 1331 3762 se
1353 3691 1433 3784 ipsa
1454 3713 1549 3764 mor·

493 3803 557 3876 det
572 3812 752 3897 vexatque
774 3826 888 3891 mens,
905 3804 998 3877 sicut
1014 3804 1053 3876 iu
1076 3805 1217 3878 caeteris
1233 3806 1423 3880 hominum
1438 3807 1551 3880 infor·

492 3918 616 4006 tumis,
632 3919 777 3993 omuino
794 3919 1048 3995 misericordie
1063 3931 1166 4015 patet
1182 3923 1290 3996 locus.
