3559 5575
546 523 590 592 62
899 520 1038 587 ‘PARS
1060 521 1223 588 PRIMA
1436 525 1557 591 Pana.
1573 527 1607 588 V.

633 693 725 760 Urbe
738 693 802 759 fuit
816 715 949 772 summa,
966 692 1137 758 Laurentis
1149 691 1239 781 regia
1252 692 1333 772 Pici,

633 796 841 862 Horrendum
857 795 965 884 sylvis,
978 811 1012 861 et
1025 795 1188 884 relligione
1200 808 1382 884 parentum.

1290 900 1372 964 ΕΝ.
1388 901 1472 966 VII.
1484 901 1565 967 168.

634 1031 813 1112 Quinetiam
828 1043 971 1097 veterum
986 1031 1104 1120 effigies
1118 1055 1157 1097 ex
1173 1031 1285 1098 ordine
1298 1055 1431 1100 avorum

633 1135 780 1222 Antiqua
792 1159 811 1198 e
824 1133 929 1214 cedro,
942 1134 1120 1222 Italusque,
1135 1149 1290 1223 paterque
1306 1136 1443 1203 Sabinus

633 1237 795 1316 vitisator,
809 1260 938 1302 curvam
953 1260 1080 1302 servans
1094 1238 1155 1302 sub
1166 1237 1303 1326 imagine
1318 1237 1451 1314 falcem

636 1344 855 1428 Saturnusque
870 1363 976 1419 senex,
991 1341 1015 1403 J
1016 1341 1132 1428 anique
1145 1339 1292 1405 bifrontis
1308 1340 1423 1428 imago,

549 1463 552 1468 ·
634 1442 798 1508 Vestibulo
812 1441 995 1506 adstabant:
1019 1441 1136 1528 aliique
1150 1441 1192 1507 ab
1205 1441 1327 1531 origine
1341 1466 1442 1530 reges,

634 1546 755 1612 Martia
768 1545 825 1632 qui
840 1545 882 1610 ob
896 1544 1030 1632 patriam
1045 1544 1220 1632 pugnando
1234 1544 1367 1610 vulnera
1379 1547 1475 1633 passi.

547 1697 550 1702 ι
634 1651 807 1736 Multaque
819 1663 974 1736 praeterea
986 1647 1081 1713 sacris
1094 1647 1126 1711 in
1142 1647 1286 1734 postibus
1299 1672 1398 1728 arma,

633 1752 762 1840 Captivi
771 1750 916 1838 ‘pendent
929 1773 1052 1830 currus,
1066 1773 1237 1838 curvaeque
1251 1775 1385 1832 secures,

633 1857 680 1918 Et
690 1854 792 1918 cristae
807 1851 959 1938 capitum,
972 1867 1004 1918 et
1016 1867 1180 1941 portarum
1194 1853 1336 1940 ingentia
1348 1855 1496 1933 claustra,

635 1955 836 2044 Spiculaque,
852 1953 1030 2052 clypeique,
1044 1971 1217 2044 ereptaque
1229 1971 1332 2024 rostra
1344 1958 1469 2023 carinis.

1379 2060 1467 2128 Ibid.
1482 2063 1558 2130 177.

633 2191 708 2258 Tali
721 2191 808 2258 intus
821 2193 939 2281 templo
952 2193 1086 2275 Divum,
1099 2194 1266 2283 patriaque
1281 2195 1418 2262 Latinus

633 2295 714 2362 Sede
729 2295 849 2376 sedens,
864 2297 1005 2362 Teucros
1019 2296 1060 2362 ad
1074 2321 1141 2362 sese
1155 2297 1188 2362 in
1203 2311 1287 2363 tecta
1300 2298 1433 2363 vocavit.

595 2456 694 2538 Quas
711 2477 795 2528 vero
811 2477 883 2527 nou
909 2454 1018 2526 struit
1040 2455 1221 2548 ambages,
1237 2476 1310 2548 quo
1326 2453 1374 2524 ad
1397 2455 1597 2526 luctuosam

543 2570 635 2645 illud
645 2573 766 2670 Trojae
779 2571 961 2644 excidium
974 2571 1077 2643 tarde
1086 2580 1124 2643 et
1134 2569 1356 2664 pedetentim
1367 2571 1596 2643 accedamus!

631 2740 812 2807 Dividimus
826 2762 944 2821 muros,
955 2751 987 2805 et
1000 2740 1117 2805 moenia
1129 2739 1299 2829 pandimus
1313 2739 1413 2815 urbis,

631 2843 816 2929 Accingunt
829 2864 938 2906 omnes
951 2841 1055 2929 operi:
1079 2843 1277 2931 pedibusque
1291 2858 1432 2909 rotarum

633 2942 814 3031 Subjiciunt
828 2943 945 3031 lapsus,
961 2956 993 3009 et
1006 2959 1117 3032 stupea
1131 2946 1258 3012 vincula
1271 2946 1351 3012 collo

632 3040 809 3111 Intendunt
818 3058 836 3110 z·
849 3046 971 3111 scandit
984 3047 1087 3112 fatalis
1100 3049 1246 3114 machina
1258 3072 1377 3129 muros,

633 3150 727 3213 Foeta
740 3148 850 3215 armis:
873 3150 965 3237 pueri
978 3150 1096 3216 circum
1110 3151 1317 3241 innuptaque
1331 3151 1445 3241 puellae

634 3255 729 3318 Sacra
742 3266 870 3332 canunt,
881 3252 1055 3341 funemque
1068 3275 1165 3319 manu
1180 3255 1361 3344 contingere
1374 3255 1530 3343 gaudent.

633 3356 695 3421 Illa
708 3354 804 3436 subit,
820 3354 995 3444 mediaeque
1009 3357 1132 3423 minans
1145 3356 1287 3423 illabitur
1301 3358 1385 3423 urbi.

1089 3458 1093 3466 ’
1314 3462 1393 3527 AEu.
1409 3462 1462 3526 11.
1478 3462 1555 3526 234.

543 3598 625 3682 Quo
641 3600 751 3673 etiam
769 3600 875 3673 modo
892 3599 1063 3671 Sinonem
1080 3597 1167 3671 facit
1182 3600 1401 3695 loquentem,

629 3739 769 3823 Jamque
783 3736 851 3801 dies
862 3737 994 3801 infanda
1006 3735 1113 3802 aderat
1123 3762 1133 3812 ς
1157 3738 1234 3803 mihi
1248 3762 1335 3804 sacra
1346 3738 1463 3827 parari,

630 3838 676 3901 Et
691 3837 779 3901 salsoe
791 3838 912 3924 fruges,
926 3851 960 3902 et
972 3838 1089 3905 circum
1105 3854 1249 3929 tempora
1261 3841 1367 3915 vittae;

1314 3944 1392 4009 AEu.
1410 3946 1552 4009 11.1sa.

543 4063 692 4156 hujusce
716 4062 857 4134 artificii
883 4062 956 4135 vim
982 4065 1117 4160 duplici
1141 4079 1354 4163 argumento
1368 4069 1599 4154 confirmans,

543 4200 625 4250 cum
642 4181 721 4251 haec
737 4179 865 4252 callido
882 4182 1168 4278 nequissimoque
1185 4184 1385 4256 simulatori
1400 4185 1540 4257 tribuit.

593 4294 714 4368 Tanta
731 4296 875 4391 quidem
893 4308 948 4371 est
964 4298 1002 4369 in
1020 4298 1170 4395 singulis
1186 4302 1394 4373 enarrandis
1415 4302 1534 4397 gratia
1551 4326 1600 4375 ac

541 4420 644 4483 tanta
666 4412 730 4497 vis,
752 4414 858 4485 mo'do
881 4412 917 4483 in
944 4438 984 4485 re
1008 4416 1136 4510 grandi
1160 4427 1224 4489 aut
1246 4418 1437 4513 magnifica
1458 4419 1534 4501 fiat,
1552 4434 1598 4492 ut
