3559 5575
540 669 833 736 PRAELECTIO
855 671 1026 736 PRIMA.
1286 676 1308 737 ὅ

251 843 387 915 humile
403 867 446 915 ac
462 845 621 940 vulgare,
638 845 754 940 qualis
773 845 930 938 denique
952 845 1000 917 sit
1016 854 1115 917 totus
1136 845 1308 917 orationis

251 961 394 1032 habitus
412 970 476 1032 aut
493 960 659 1032 dictionis
677 963 783 1044 color,
800 985 911 1056 quam
927 961 959 1033 si
975 962 1021 1033 de
1038 960 1222 1032 hodiernae
1240 961 1309 1032 lin-

250 1100 333 1171 guae
351 1077 492 1169 scriptis
503 1077 683 1171 judicium
700 1078 885 1149 ferremus.

301 1190 359 1262 Dc
378 1190 431 1262 his
449 1202 571 1262 autem
589 1194 738 1285 posthac
758 1215 856 1264 curae
879 1191 949 1264 erit
966 1192 1167 1264 accuratius
1186 1191 1309 1283 dispu-

251 1318 341 1378 tare.
396 1309 477 1380 Hoc
503 1309 609 1381 modo
634 1309 672 1380 in
698 1333 856 1402 praesens
880 1310 1168 1382 animadversum
1186 1311 1307 1394 velim,

251 1433 295 1493 ut
311 1425 480 1516 quoniam
499 1435 686 1518 tantopere
702 1451 749 1498 ex
767 1429 957 1498 verborum
978 1427 1118 1498 delectu
1141 1450 1183 1498 ac
1202 1427 1310 1521 junc-

251 1548 336 1609 tura
360 1547 500 1610 constet
516 1540 571 1611 vis
592 1541 750 1624 Poetica,
774 1566 820 1613 ne
846 1565 918 1636 qua
942 1566 1029 1614 cura
1052 1544 1215 1637 juniores
1244 1554 1309 1614 aut

252 1655 373 1726 studio
406 1657 710 1748 supersedendum
744 1657 927 1743 duxerint,
957 1683 1029 1752 quo
1062 1659 1109 1730 ad
1142 1659 1309 1730 intimam

251 1775 439 1869 utriusque
455 1775 591 1870 linguae
608 1775 849 1870 cognitionem
867 1776 1089 1868 perveniant,
1103 1786 1212 1869 atque
1228 1798 1309 1846 cam

251 1890 318 1961 sihi
335 1901 543 1983 comparent
559 1890 596 1962 in
616 1902 768 1984 utraque
784 1891 1007 1975 facultatem,
1024 1901 1067 1963 ut
1083 1902 1210 1964 tenues
1230 1891 1309 1962 illos

251 2030 374 2078 sensus
387 2007 575 2080 confestim
589 2007 757 2099 arripere,
768 2017 806 2079 et
818 2008 995 2079 molliores
1006 2007 1179 2079 orationis
1192 2007 1309 2079 flexus

251 2123 361 2194 habili
378 2134 487 2217 atque
504 2124 675 2216 expedita
691 2134 813 2196 mente
830 2124 996 2217 persequi
1010 2124 1158 2216 possint.

300 2239 385 2311 Jam
414 2263 509 2326 vero,
536 2241 632 2333 quod
659 2239 706 2310 ad
733 2242 884 2311 alteram
912 2239 1148 2311 solicitudinis
1176 2249 1310 2312 nostrae

250 2377 395 2426 causam
413 2355 557 2438 attinet,
574 2355 638 2424 vix
656 2354 745 2425 mihi
761 2354 977 2446 persuadere
993 2379 1137 2448 possum
1160 2355 1248 2448 quin
1271 2365 1310 2428 et

251 2495 314 2542 vos
331 2472 418 2565 quid
435 2472 544 2542 velim
559 2471 725 2564 quamvis
741 2471 844 2543 taciti
861 2471 1087 2564 percipiatis3
1113 2483 1152 2543 et
1168 2494 1309 2544 mecum

252 2611 326 2659 una
351 2587 536 2680 (quoniam
567 2587 687 2678 aliqua
716 2611 797 2677 pars
827 2587 937 2656 etiam
968 2587 1156 2681 dignitatis
1180 2597 1310 2657 vestrae

253 2702 342 2771 mihi
364 2703 402 2772 in
426 2723 554 2770 manus
577 2700 749 2792 permissa
770 2703 840 2792 est)
858 2701 1023 2770 nonnihil
1047 2701 1117 2793 ipsi
1143 2701 1311 2774 metuatis

253 2828 296 2889 ut
313 2817 398 2888 huic
418 2826 521 2888 tanto
545 2816 685 2887 muneri
708 2816 954 2908 respondeam,
973 2827 1084 2911 utque
1101 2817 1311 2891 Academiae
1402 2825 1410 2834 “

252 2944 385 3006 nostrae
402 2936 448 3007 ab
465 2935 532 3005 hoc
548 2933 626 3026 ipso
642 2933 741 3004 fonte
758 2932 951 3005 deductam
969 2933 1101 3029 possim
1117 2935 1212 3007 tueri
1233 2937 1310 3030 glo-

250 3052 353 3123 riam.
783 3044 786 3049 ’

302 3168 398 3239 Nam
416 3167 448 3240 si
465 3170 512 3241 ad
533 3171 601 3240 hoc
621 3168 764 3261 publice
785 3168 823 3238 in
842 3168 990 3240 Poetica
1012 3168 1155 3264 legendi
1178 3191 1309 3239 munus

251 3282 327 3376 ipse
342 3284 480 3376 primus
495 3284 733 3372 accessissem,
751 3296 845 3357 esset
861 3284 951 3355 illud
968 3285 1128 3376 profecto
1144 3308 1217 3356 non
1235 3308 1310 3358 me·

252 3400 381 3471 diocris
402 3400 532 3472 laboris
552 3424 661 3493 opus;
687 3411 847 3473 attamen
866 3422 970 3471 novae
987 3400 1039 3471 rei
1057 3400 1230 3473 favissent
1245 3403 1310 3474 ho·

252 3516 388 3598 mines;
404 3528 489 3588 ante
502 3517 609 3608 pedes
622 3527 700 3588 tota
711 3516 885 3611 jacuisset
899 3516 1065 3587 materies
1082 3518 1184 3611 larga
1199 3527 1309 3612 atque

251 3633 409 3714 intacta3
447 3642 525 3705 tum
561 3633 674 3726 (quod
702 3632 925 3725 praecipuum
954 3630 1025 3723 est)
1059 3632 1241 3703 neminem
1270 3633 1309 3703 in

251 3750 378 3822 eodem
395 3749 572 3820 curriculo
583 3747 736 3841 priorem
750 3745 966 3834 habuissem,
977 3769 1085 3840 quem
1098 3746 1203 3819 unice
1215 3758 1309 3821 esset

251 3853 486 3938 laborandum
505 3878 546 3936 ut
563 3886 756 3959 aequarem,
773 3873 811 3935 et
828 3887 874 3934 ne
897 3863 1043 3934 omnino
1066 3864 1207 3959 assequi
1229 3890 1309 3959 pos-

253 4006 327 4055 sem
344 3982 521 4075 imprimis
539 3980 784 4053 metuendum.
834 3980 920 4051 lam
938 4004 1034 4064 vero,
1052 3981 1121 4053 nisi
1137 3982 1177 4053 id
1194 3983 1307 4079 magis

252 4110 383 4171 vestrae
404 4098 587 4170 felicitatis
607 4120 683 4169 esse
703 4096 864 4192 judicem
888 4120 997 4191 quam
1018 4097 1206 4169 infortunii
1224 4098 1306 4183 mei,

252 4241 296 4288 ea
312 4215 402 4287 mihi
420 4214 586 4285 materies
604 4213 792 4285 tractanda
808 4224 875 4300 est,
893 4237 1001 4306 quam
1019 4214 1307 4306 praestantissimi

253 4334 322 4404 viri
339 4357 479 4405 summa
500 4330 638 4427 ingenii
659 4330 765 4403 laude
788 4328 955 4403 florentes
978 4331 1164 4427 agitatam,
1181 4356 1308 4403 excus-

254 4454 342 4531 sam,
359 4471 449 4540 pene
473 4449 688 4520 exhaustam
713 4445 946 4539 reliquerunt.
997 4445 1030 4517 Ii
1053 4447 1200 4517 fuerunt
1222 4456 1308 4518 ante

254 4588 312 4637 me
328 4565 374 4636 ab
391 4563 447 4635 his
470 4563 597 4637 studiis
620 4561 838 4655 amplissimo
862 4561 1007 4633 nomine
1030 4559 1203 4656 insigniti,
1220 4583 1309 4655 quo·

683 4736 687 4745 ,
754 4694 778 4745 Β
797 4682 820 4747 3
