3559 5575
354 179 365 196 .
487 131 552 200 lm
862 127 984 194 PARS
1007 127 1169 193 PRIMA
1341 127 1457 194 fur..
1472 127 1545 195 XI.

589 302 710 386 Θολιροὶ
725 299 850 384 ut'atya
864 298 976 364 salom·
990 301 1050 376 atsi
1496 365 1501 372 ,
1531 360 1536 372 ,

428 481 429 484 ¹
660 407 788 490 Στυγνῆς
802 402 869 485 πρὸς
884 402 1007 485 stipatu
1022 401 1101 479 ἄτης.
1155 401 1269 466 Publi.
1286 402 1409 468 Vmcr·
1424 405 1502 468 884.

538 529 660 623 HuJua
676 523 823 620 quidem
839 523 910 596 laci
926 524 1105 616 poeticam
1122 522 1196 594 vim
1212 532 1252 594 et
1268 523 1436 615 miricam
1457 527 1549 604 satia

487 643 611 716 mirari
627 648 812 734 nequeunt
826 637 964 721 Critiei,
977 661 998 709 e
1010 639 1139 732 quibus
1151 637 1330 716 recentior
1345 664 1440 712 unus
1457 666 1548 714 non-

487 759 623 829 nullam
638 757 701 827 dat
714 777 860 846 operam
871 763 915 824 ut
928 754 1070 849 singula
1085 754 1156 825 ista
1171 763 1314 824 naturae
1329 753 1547 828 furiosmum
1680 738 1681 749 ἵ

487 871 664 966 imprimis
681 869 871 942 convenire
887 869 1027 940 doceat.
1080 869 1178 940 lllud
1193 879 1318 940 autem

617 1003 827 1087 Τροχοδινεῖται
842 1000 865 1062 δ’
880 999 982 1082 sapae
996 998 1111 1083 ἑλίγδην

487 1117 702 1210 phantasma
719 1132 795 1186 ease
808 1111 1033 1184 vemssimum
1047 1111 1216 1195 affirmat,
1227 1121 1267 1184 et
1278 1112 1347 1184 Jm
1361 1114 1547 1188 affectioni

488 1254 660 1326 perquam
678 1228 1004 1302 accommodatum:
1023 1227 1256 1299 “Furibundi
1268 1228 1367 1300 enim
1383 1231 1546 1304 homines

489 1355 512 1390 “
528 1349 648 1419 neruos
665 1347 793 1417 misere
810 1346 1034 1437 distorquere
1050 1345 1167 1416 solent
1177 1347 1224 1415 ⁸·.”

538 1463 634 1533 Sunt
650 1463 729 1532 haec
749 1461 909 1553 profecto
932 1461 1061 1532 furoris
1083 1461 1299 1556 signa-cor
1314 1464 1546 1534 vehementer

489 1576 680 1668 palpitans,
697 1575 792 1646 oculi
808 1577 880 1646 buc
896 1575 984 1647 illuc
999 1574 1093 1647 versi
1107 1598 1153 1646 ac
1169 1576 1335 1659 revoluti,
1351 1600 1445 1672 vaga
1464 1601 1546 1652 mm
1680 1644 1681 1651 χ

483 1689 621 1774 sitatio,
638 1701 676 1763 et
692 1691 816 1787 lingua
833 1691 1004 1762 titubans.
1052 1692 1129 1774 Qui
1146 1716 1232 1764 vero
1249 1694 1330 1787 jam
1347 1694 1427 1764 brec
1444 1692 1483 1762 ia
1503 1716 1545 1765 se

488 1829 565 1878 esse
581 1808 704 1892 sentit,
722 1809 882 1879 nondum
903 1808 1014 1879 furit:
1041 1808 1175 1880 nedum
1199 1809 1261 1880 cui
1283 1809 1407 1880 verbis
1423 1833 1468 1880 ea
1490 1809 1547 1880 ef·

488 1923 581 1995 ferre
595 1934 711 2010 vacat,
727 1933 838 2018 atque
854 1925 1081 1996 adstantibus
1097 1935 1308 1998 monstram.
1360 1927 1546 2017 Quaprop-

489 2048 546 2112 ter
568 2063 614 2112 ea
642 2040 756 2138 magis
783 2041 902 2112 adhue
932 2040 1043 2111 miror
1067 2063 1154 2134 quae
1182 2042 1238 2112 vir
1266 2043 1380 2113 bonus
1406 2042 1445 2112 iu
1474 2041 1544 2112 bue

490 2157 828 2229 commentariorum
849 2155 996 2251 adjecit.
1048 2157 1246 2250 Postquam
1266 2158 1366 2228 enim
1383 2156 1545 2240 dixisset,

490 2275 595 2345 hasce
628 2275 803 2370 imagines
831 2275 885 2346 ita
912 2283 1048 2345 terrere
1074 2287 1117 2345 ac
1145 2275 1356 2367 perturbare
1382 2273 1545 2346 animum

489 2390 698 2482 spectatoris
740 2395 783 2461 ut
818 2407 889 2484 quo
927 2413 970 2462 se
1005 2399 1135 2474 vetat,
1172 2389 1544 2486 nesciat-subjungit

488 2506 621 2586 etiam;
646 2506 757 2575 “Fac
777 2501 936 2575 uetiam
957 2527 1106 2602 quaque
1127 2502 1353 2600 dignm
1372 2529 1425 2578 ae
1448 2505 1546 2578 wai-

490 2627 518 2662 “’
530 2626 641 2690 tarem
658 2620 836 2704 accedere,
854 2621 946 2692 nibil
961 2623 1051 2718 fingi
1067 2631 1187 2715 potest
1204 2624 1484 2696 vehementius?

539 2734 594 2807 At
609 2735 642 2807 si
658 2759 730 2831 qua
744 2747 886 2809 rectum
902 2737 945 2809 ‘in
965 2738 1025 2811 bis
1047 2739 1184 2812 artibus
1200 2739 1348 2812 videndi
1372 2739 1546 2815 facultate

491 2852 654 2943 polluam,
671 2852 761 2925 illud
781 2852 900 2947 ipsum
919 2865 990 2939 est,
1005 2854 1044 2925 in
1065 2878 1140 2949 qun
1159 2856 1325 2928 'maxime
1344 2858 1547 2931 offendere-

490 2976 572 3039 tur:
598 2988 665 3042 nee
684 2970 840 3042 dubium
865 2972 990 3058 babeo,
1015 2970 1103 3065 quin
1125 2995 1201 3067 quo
1224 2974 1371 3067 propius
1391 2973 1445 3046 ad
1470 2974 1547 3045 veri

490 3084 762 3161 similitudinem
787 3112 844 3161 res
867 3089 1064 3174 recederet,
1080 3112 1124 3160 eo
1143 3091 1282 3185 majore
1301 3113 1384 3163 cam
1397 3090 1546 3163 fastidio

492 3212 723 3294 spectaretur.
768 3204 866 3287 Quin
884 3204 923 3274 id
939 3202 1049 3275 etiam
1068 3227 1091 3274 a
1105 3214 1213 3296 poeta
1229 3207 1391 3277 consulto
1406 3205 1547 3279 famum

491 3319 655 3402 arbitror,
673 3330 715 3391 ut
730 3320 875 3413 ineptiis
892 3322 1040 3415 hujusce
1056 3319 1126 3392 loci
1141 3320 1405 3414 quodammodo
1427 3320 1545 3413 opitu·

492 3434 597 3515 letur,
615 3435 711 3525 quod
727 3457 803 3505 rem
821 3434 958 3506 melicis
975 3433 1191 3506 carminibus
1214 3437 1386 3507 absolvat.
1436 3436 1547 3508 Unde

492 3548 545 3631 fit,
562 3559 605 3618 ut
622 3572 644 3619 a
660 3549 812 3621 veritate
827 3550 1004 3622 imitanda
1021 3551 1116 3624 absit
1132 3552 1284 3647 lougius,
1302 3552 1394 3625 etin
1417 3553 1547 3624 cantbs

492 3664 668 3735 rationem
691 3676 859 3737 transeat.
911 3667 993 3751 Quo
1014 3664 1160 3762 quidem
1184 3668 1548 3763 adlubit0,.tibiisque

494 3780 748 3867 accinentibus,
781 3783 968 3875 paullatim
1002 3786 1048 3855 ab
1080 3784 1191 3857 ocubs
1224 3794 1413 3874 revocatur
1446 3809 1549 3878 spec-

731 4042 743 4069 ·
764 4034 830 4094 Vid.
846 4034 976 4093 sananti
991 4037 1189 4096 Commenta
1206 4036 1235 4095 ln
1249 4037 1306 4096 lac.
