3559 5575
495 553 541 622 70
872 547 994 613 PARS
1015 546 1178 612 PRIMA
1384 547 1497 615 Pus.
1513 549 1557 614 V.

583 720 770 790 Percussere
783 718 914 796 fretum,
929 717 1032 784 ventis
1042 716 1131 806 fugit
1143 715 1241 797 ocior,
1256 731 1289 783 st
1302 741 1347 799 se,
1465 763 1470 770 ,

503 895 505 900 ,
583 825 687 902 Quam
703 821 798 910 longa
811 835 869 900 est,
885 843 951 886 uno
963 843 1122 886 remorum
1137 820 1279 912 praeterit
1292 821 1372 888 ictu.

1223 925 1295 990 Su..
1309 924 1419 991 XIII.
1434 927 1510 990 aab.

550 1063 632 1139 Hoc
648 1060 744 1134 idem
761 1060 800 1132 in
816 1059 1060 1153 compluribus
1076 1059 1155 1134 aliis
1171 1061 1308 1155 pariter
1323 1061 1486 1134 obtinere
1501 1062 1558 1136 fa-

498 1177 631 1260 cillimo
648 1175 793 1272 negotio
811 1175 1003 1248 monstrari
1021 1187 1152 1268 posset.
1202 1175 1319 1249 Arma
1343 1200 1387 1249 ac
1403 1177 1557 1253 vestitus

499 1292 682 1391 sigillatim
695 1313 903 1384 percensere
915 1293 1062 1364 solenne
1074 1302 1129 1370 est
1141 1292 1322 1367 Homero:
1340 1316 1422 1365 raro
1431 1303 1559 1395 tamen

499 1433 542 1482 co
575 1410 645 1480 hoc
671 1407 759 1481 facit
788 1405 947 1493 consilio,
972 1416 1015 1480 ut
1040 1407 1192 1479 diversae
1223 1418 1343 1500 partes
1372 1407 1411 1479 in
1440 1429 1557 1479 unum

499 1525 671 1624 quiddam
695 1534 779 1620 apte
802 1525 1015 1607 coalescant,
1032 1533 1070 1594 et
1086 1523 1200 1619 figura
1219 1524 1322 1618 quasi
1341 1523 1558 1596 adumbrata

500 1644 745 1736 permulceant
771 1641 945 1716 animum.
995 1639 1058 1712 Fit
1083 1640 1180 1712 enim
1206 1641 1428 1734 plerumque,
1447 1639 1557 1726 sicuti

502 1781 610 1851 supra
633 1757 922 1840 monstravimus,
939 1756 1083 1850 quando
1108 1756 1287 1851 adaugere
1309 1757 1389 1829 vult
1408 1779 1558 1850 exspec-

500 1873 688 1962 tationem,
706 1882 769 1944 aut
786 1895 909 1944 sensus
926 1871 1039 1944 animi
1055 1873 1275 1968 affectusque
1292 1895 1526 1946 commovere.

553 1991 634 2061 Hac
649 1998 769 2060 mente
783 1987 965 2060 interdum
983 1988 1135 2062 terribili
1150 2011 1215 2061 nos
1231 1989 1389 2086 imagine
1406 1987 1558 2062 minacis

501 2107 615 2204 galeae
631 2105 812 2198 percellit;

676 2287 720 2300 -
729 2252 811 2316 δεινὸν
825 2251 852 2316 bi
868 2250 949 2334 λόφος
963 2250 1125 2338 καθύπερθεν
1139 2249 1235 2316 iorum.
1276 2251 1393 2318 luen·
1407 2256 1444 2319 Γ.
1458 2252 1531 2321 887.

501 2407 568 2470 aut
583 2396 701 2494 clypei
715 2397 892 2496 fulgorem
909 2397 1098 2492 magnifice
1114 2397 1230 2482 effert,

588 2565 646 2626 Τοῦ
661 2562 684 2625 δ’
699 2561 831 2628 dedam
847 2561 935 2635 σι’λας
949 2558 1039 2646 γίνπ’
1053 2555 1119 2637 ἠΰτε
1131 2559 1226 2643 piros.
1402 2567 1443 2628 Τ.
1457 2563 1531 2632 874.

502 2739 575 2811 quo
600 2715 821 2786 sublimiores
843 2716 970 2785 fierent
992 2712 1107 2785 nostri
1131 2713 1177 2784 de
1201 2713 1363 2810 principe
1385 2717 1557 2791 bellatore

504 2842 708 2924 conceptus.
759 2834 879 2913 Quam
896 2853 981 2901 vero
1005 2831 1149 2923 penitus
1173 2831 1352 2905 diversam
1376 2859 1454 2907 rem
1480 2834 1556 2931 agit

505 2946 737 3032 Claudianus,
754 2967 837 3018 cum
855 2957 1012 3018 armatas
1029 2946 1237 3022 Stilichonis
1258 2948 1352 3023 acies
1374 2952 1431 3024 his
1447 2950 1557 3024 versi-

504 3064 572 3135 bus
588 3062 774 3158 depingit!
1154 3056 1157 3061 ’

510 3271 514 3281 «
593 3214 659 3281 Hic
674 3212 771 3281 ultrix
785 3214 865 3281 acies
878 3228 992 3281 ornatu
1005 3214 1130 3304 fulgida
1144 3218 1263 3285 Martis
1382 3239 1389 3281 ι

571 3385 578 3401 ,
592 3318 759 3407 Explicuit
771 3342 904 3389 cuneos:
927 3318 1050 3407 pedites
1062 3319 1095 3384 in
1109 3336 1200 3409 parte
1213 3322 1338 3389 sinistra

593 3422 795 3488 Consistunt:
819 3422 942 3510 equites
955 3419 1018 3485 illic
1032 3410 1193 3509 poscentia
1205 3411 1351 3489 cursum¹
1477 3418 1482 3423 ’

593 3526 659 3591 Ora
672 3525 866 3591 reluctantur
878 3521 994 3611 pressis
1008 3522 1117 3587 sedare
1127 3522 1255 3611 lupatis.

593 3629 659 3693 Hic
671 3628 724 3694 alii
739 3650 857 3694 saevum
871 3626 999 3691 cristato
1012 3624 1128 3692 vertice
1142 3642 1267 3709 nutant,

592 3730 641 3797 Et
655 3728 805 3795 tremulos
817 3728 957 3793 humeris
969 3725 1111 3815 gaudent
1120 3728 1244 3796 vibrare
1257 3730 1386 3811 oolores,

566 3918 570 3925 1
594 3834 683 3911 Quos
696 3830 799 3918 operit
812 3828 1152 3918 formatque'chalybs:
1175 3833 1244 3920 conj
1249 3848 1343 3899 uncta
1356 3857 1414 3925 per
1426 3846 1527 3901 artem

595 3932 726 3999 Florilis
738 3932 876 3999 inductis
888 3933 1046 3998 animatur
1060 3933 1177 4001 lamina
1189 3936 1349 4016 membris,

576 4120 578 4125 Ι
596 4034 768 4125 Horribilis
782 4035 870 4121 visu:
893 4035 1003 4101 credes
1016 4035 1206 4127 simulachra
1219 4039 1340 4129 moueri

596 4142 725 4221 Ferrea,
739 4154 937 4227 cognatoque
951 4138 1033 4203 viros
1048 4138 1166 4227 spirare
1180 4141 1316 4207 metallo.

597 4243 662 4308 Par
676 4242 807 4308 vestitus
820 4243 927 4331 equis:
951 4242 1069 4307 ferrata
1082 4242 1187 4309 fronte
1200 4243 1372 4323 minantur,
1395 4238 1399 4245 ⁸

596 4347 808 4433 Ferratosque
821 4342 929 4411 levant
941 4343 1043 4410 securi
1056 4344 1195 4413 vulneris
1207 4370 1322 4428 armos,

596 4449 709 4520 Diviso
722 4462 785 4516 stat
797 4449 933 4539 quisque
947 4448 1035 4514 loco:
1059 4450 1231 4517 metuenda
1243 4450 1390 4541 voluptas
