3559 5575
341 190 566 253 Pam„
600 187 816 253 XIX.
1026 188 1155 252 DE
1200 188 1835 254 AFFECTIBUS.
2326 191 2449 256 251

338 360 417 432 id
467 360 759 455 quidem
811 382 1092 453 queror,
1124 361 1494 432 acerbiora
1519 385 1689 432 eum
1723 359 1953 431 videri
1999 359 2238 431 dicere
2271 361 2455 432 velle

339 499 555 570 quam
590 475 894 561 veriora,
930 488 1005 546 et
1039 498 1204 569 quae
1236 500 1332 547 ex
1370 500 1592 569 pravo
1638 499 1879 548 rerum
1919 474 2199 570 judicio
2243 477 2457 568 profi-

339 591 508 663 cisci
557 589 1004 662 crediderim.
1108 590 1348 662 Multa
1395 590 1646 684 utique
1690 592 1770 661 in
1815 614 2103 662 scenam
2136 591 2454 683 proferre

337 705 506 778 licet
539 730 705 801 quae
742 729 785 776 a
818 705 991 777 vitae
1028 706 1543 778 consuetudine
1578 708 2006 778 abhorrent:
2050 728 2294 799 neque.
2318 708 2454 777 hoc

341 821 399 892 si
436 821 810 916 negaveris
843 820 991 890 Ars
1016 820 1434 891 Dramatica
1466 821 1758 892 omnino
1793 831 1983 891 stare
2007 821 2293 913 poterit.
2343 820 2456 894 At

345 960 512 1029 quae
545 935 623 1005 in
655 934 1008 1027 Euripide
1041 958 1235 1006 nunc
1279 937 1638 1029 praecipue
1684 946 1941 1008 notata
1968 937 2209 1022 velim,
2241 960 2329 1007 ea
2379 947 2456 1009 et

347 1051 490 1127 arti
522 1073 741 1144 quam
774 1050 947 1122 colit
969 1050 1212 1121 obesse
1240 1062 1440 1143 puto,
1461 1062 1536 1123 et
1559 1051 1730 1144 ipsis
1765 1053 2048 1123 obstare
2082 1051 2456 1123 affectibus

346 1187 527 1258 quos
563 1165 719 1235 vult
753 1164 962 1234 ciere.
1067 1164 1338 1257 Ecquis
1373 1166 1568 1236 enim
1606 1168 1796 1237 hanc
1842 1165 2273 1237 sententiam
2324 1164 2459 1236 sibi

342 1278 803 1372 persuadebit
826 1302 873 1348 a
897 1278 1164 1349 Medea
1196 1279 1340 1351 dici
1370 1280 1711 1372 potuisse,
1736 1279 1980 1354 dolore
2012 1280 2136 1352 illa
2167 1280 2459 1375 quidem

343 1393 438 1465 ad
471 1393 810 1465 ultimum
845 1391 1189 1463 vindictae
1219 1416 1448 1488 genus
1483 1394 1737 1466 adacta
1759 1394 1796 1464 Ρ

1035 1523 1191 1609 Πρὸς
1219 1524 1276 1585 δὲ
1306 1524 1404 1587 καὶ
1434 1525 1756 1607 τοφῦκαμ-εν

603 1626 874 1699 Γυναῖκες
898 1628 973 1699 εἰς
1000 1626 1103 1707 μὲν
1133 1623 1282 1689 ἔσθλ’
1311 1625 1795 1713 ἀμηχανώταται,

606 1730 822 1790 Κακῶν
849 1727 906 1789 δὲ
933 1726 1157 1791 πάντων
1185 1725 1435 1801 τέκτονες
1460 1728 1819 1804 σοφώταται.
1983 1728 2183 1793 ΜΕΙ).
2216 1730 2364 1792 408.
2473 1739 2482 1742 “

348 1862 478 1924 aut
531 1874 698 1923 non1
740 1850 1162 1945 indignatur
1210 1851 1766 1944 pulcherrimam
1820 1852 2147 1924 Hecubae
2198 1852 2460 1924 oratio-

348 1990 540 2051 nem,
575 1990 717 2061 qua
749 1966 1029 2060 Ulyssis
1062 1990 1270 2060 opem
1304 1968 1383 2038 in
1418 1968 1770 2041 servanda
1801 1967 1951 2039 filia
1988 1967 2348 2061 implorat,
2380 1967 2456 2038 in

350 2082 631 2179 frigidis
662 2082 858 2154 hisce
891 2082 1092 2155 exire
1114 2082 1150 2153 Ρ
1515 2164 1520 2168 ‚

609 2216 692 2277 Τὸ
717 2215 762 2275 δ’
793 2212 1046 2295 ἀξίωμα,
1076 2212 1183 2300 κᾷν
1210 2221 1400 2289 κακῶς
1428 2213 1626 2300 λέγῃς,
1656 2215 1722 2277 τὸ
1750 2215 1849 2276 σὸν

611 2313 833 2379 Ποία-ει.
879 2315 1069 2403 Λόγος
1099 2318 1218 2402 γὰρ
1250 2315 1312 2379 ἔκ
1339 2316 1392 2379 τ’
1424 2314 1758 2394 ἀδοξούντων
1791 2313 1903 2394 ἰὸν,

614 2418 751 2503 Κᾴκ
778 2423 889 2481 τῶν
916 2417 1213 2481 δοκούντων
1239 2419 1432 2496 αὐτὸς,
1465 2420 1525 2480 οὔ
1553 2415 1756 2481 ταυτδν
1777 2414 1970 2480 σθένει.
2018 2416 2203 2481 HEe-
2224 2416 2372 2486 293.

354 2540 630 2612 Iterum
662 2562 833 2611 vero
865 2538 942 2611 in
978 2539 1232 2611 mediis
1266 2539 1595 2633 precibus
1626 2538 2101 2633 lacrymisque
2126 2538 2460 2625 effundit,

352 2679 518 2750 quae
552 2657 881 2728 umbram
917 2665 993 2727 et
1026 2655 1256 2727 otium
1286 2654 1642 2728 Academi
1676 2655 1907 2752 magis
1939 2655 2299 2729 decerent.

607 2784 686 2848 Τι’
709 2786 848 2861 δῆτα
878 2784 1050 2862 θνητοὶ
1079 2782 1279 2848 τᾶλλα
1305 2785 1409 2867 μὶν
1433 2785 1762 2868 μαθήματα

610 2887 977 2972 Μοχθοΰμεν,
1003 2889 1078 2961 ὥς
1100 2890 1244 2974 χρὴ,
1273 2887 1461 2951 πάντα
1489 2888 1586 2951 καὶ
1613 2886 1993 2969 μαστεῦομεν,

616 2979 805 3051 Πειθὼ
833 2989 913 3067 δὲ,
945 2992 1040 3068 τὴν
1068 2989 1325 3076 τύραννον
1353 2989 1647 3074 ἀνθρώποις
1673 2989 1863 3070 μόνην,

615 3089 793 3153 Οὐδέν
822 3114 877 3152 τι
906 3095 1132 3172 μᾶλλον
1161 3093 1216 3165 ἐς
1244 3090 1404 3166 τέλος
1433 3089 1812 3170 σπουδάζομεν

614 3191 865 3265 Μισθοὺς
895 3190 1122 3268 διδόντες
1147 3191 1464 3273 μανθάνειν,
1492 3191 1556 3253 ’ἵν’
1587 3187 1619 3276 ᾗ
1647 3191 1780 3252 τοτὲ

615 3293 857 3375 Πείθων,
889 3293 928 3357 ἅ
953 3320 1038 3369 τις
1065 3294 1351 3374 βούλοιτο,
1380 3292 1690 3380 τυγχάνειν
1720 3292 1762 3354 θ’
1793 3287 1940 3371 ἅμα.
2003 3290 2189 3354 HEC.
2222 3292 2371 3355 808.

352 3410 634 3486 Eodem
686 3417 909 3487 etiam
960 3417 1174 3488 modo
1220 3415 1577 3508 captivam
1613 3411 2171 3484 Andromachen
2220 3413 2462 3487 dolore

353 3555 763 3625 oppressam
795 3533 888 3606 de
923 3533 1340 3605 mulieribus
1375 3532 1809 3604 sententiose
1841 3530 2165 3625 proloqui
2198 3531 2395 3605 fecit.

613 3662 798 3750 Χῶρει
829 3689 939 3728 νυν.
955 3667 1171 3746 Ἡμεῖς
1202 3666 1244 3727 δ’
1275 3664 1462 3746 οἵσπερ
1493 3662 1807 3749 ἐγκείμεσθ
1840 3663 1928 3726 ἀεὶ

616 3767 910 3850 Θρῆνοισι,
940 3766 1037 3829 καὶ
1066 3764 1275 3851 γόοιο-ι,
1306 3766 1403 3829 καὶ
1432 3766 1776 3852 δακρύμασι,

849 3867 1018 3893 ’ID'

618 3970 844 4048 Γυναιξὶ
879 3960 1075 4054 τίρψίς
1104 3976 1213 4033 τῶν
1240 3971 1610 4056 παρεστώτων
1638 3976 1851 4048 κακῶν,

595 4072 764 4142 ,Ἀνὰ
793 4070 959 4153 στόμ’
988 4073 1093 4136 αἰεὶ
1125 4078 1223 4136 καὶ
1252 4074 1343 4138 διὰ
1372 4072 1643 4157 γλώσσης
1675 4070 1846 4156 ἔχων.
1906 4071 2248 4135 Ammon.
2272 4069 2380 4136 91.

3245 1105 3280 1490 ‘'mm-pao
3244 220 3270 976 ‘at-w·-··m.moo
3245 131 3270 184 Ἠ
