3559 5575
501 151 567 217 144
863 147 987 216 PARS
1010 150 1180 216 PRIMA.
1373 151 1492 216 Pur..
1507 151 1559 216 X.

500 321 645 420 Virgilii
660 322 698 392 in
716 321 840 394 eadem
859 347 899 395 re
915 333 1001 395 sunt
1016 327 1122 418 plane
1138 323 1186 396 ad
1202 323 1330 396 horum
1348 324 1567 398 similitudi-

499 461 584 510 nem
601 447 752 510 exacta:
779 439 882 532 atqui
897 439 959 509 illa

587 630 695 696 Multa
708 631 768 694 viri
783 631 884 696 virtus
898 631 1013 709 animo,
1028 633 1207 719 multmqaae
1221 643 1367 698 recursat

591 735 703 797 Gentio
716 733 825 811 donoc,

502 899 687 995 frigidiora
703 901 823 993 paullo
840 909 925 971 sunt
942 910 980 971 et
996 899 1173 970 occasioni
1191 901 1308 970 minus
1326 911 1423 994 apta.

552 1015 695 1086 Deinde
712 1015 774 1086 ubi
792 1014 924 1086 Medea
939 1013 1102 1107 concepti
1119 1015 1212 1110 ignis
1230 1017 1323 1087 male
1339 1039 1485 1108 compos
1502 1041 1561 1088 so·

503 1129 574 1201 rori
596 1153 672 1201 rem
697 1154 839 1202 omnem
858 1130 996 1201 deferre
1016 1130 1164 1224 cogitat,
1186 1132 1267 1222 plus
1288 1140 1385 1201 certe
1410 1131 1562 1201 misera·
1676 1206 1677 1233 ρ

505 1243 624 1331 tionis,
641 1268 687 1317 ne
710 1245 827 1317 dicam
853 1243 1027 1326 veritatis,
1047 1245 1181 1315 habent
1206 1243 1347 1338 trepida
1371 1243 1451 1314 haec
1473 1267 1561 1314 con·

505 1357 584 1430 silla
600 1369 638 1431 et
654 1360 691 1430 in
709 1383 747 1431 se
765 1383 877 1453 usque
889 1358 1089 1442 redeuntia,
1102 1381 1211 1452 quam
1227 1359 1270 1442 si,
1283 1357 1437 1430 Didonis
1446 1382 1560 1446 more,

504 1475 676 1545 continuo
692 1483 851 1546 mentem
868 1497 976 1546 onere
993 1475 1155 1546 levasset.

593 1625 651 1704 Δῆν
666 1625 694 1689 δέ
710 1627 773 1690 κατ’
789 1625 883 1689 αθτέθι
898 1625 998 1708 μέμνεν
1013 1628 1049 1690 ἀνθ
1064 1627 1192 1713 τροθθμορ
1206 1627 1343 1708 θαλάμοιο

593 1730 673 1792 Allo?
686 1725 843 1812 έεργομένη·
867 1731 942 1810 μιτά
956 1731 978 1792 θ’
993 1728 1119 1815 έτράτετ“
1136 1728 1214 1802 αὖτις
1229 1727 1337 1792 ἀπέστω

592 1827 771 1915 Στρεφθεῖσ’·
795 1831 826 1891 έιι
839 1829 866 1892 δέ
881 1829 968 1891 πάλιν
983 1827 1040 1892 ιιέεν
1055 1828 1161 1893 ένθοθεν·
1185 1828 1230 1903 aido
1245 1831 1269 1892 τ’
1285 1829 1405 1893 ἀλέεινεν

594 1929 683 1993 Eion·
705 1927 853 2007 andstaldi
868 1927 946 2005 πόδες
960 1927 1038 2013 φέρον
1053 1930 1117 1992 ένθα
1132 1931 1181 1992 καὶ
1196 1927 1265 1993 ἔνθα.

589 2030 677 2095 Ἤτοι
693 2030 733 2095 dra
749 2031 852 2096 θύσειεν
866 2031 946 2119 ignati
959 2058 1007 2112 μιν
1022 2031 1118 2096 letata
1132 2031 1224 2105 αέδάς·
1674 2080 1679 2323 ρ

595 2134 675 2197 Allo?
688 2134 710 2196 δ’
725 2131 874 2219 ἐργομένην
888 2133 987 2217 θρασὺς
1000 2132 1094 2216 θμερος
1108 2132 1278 2215 ὀτρύνεσκεν·

593 2235 661 2318 Τρθς
674 2236 725 2316 μὶν
740 2236 872 2321 έτειρῆθη,
887 2233 946 2320 τρθς
960 2235 982 2296 θ’
998 2232 1112 2318 ἔσχετο·
1134 2234 1268 2319 τέτρατον
1282 2229 1357 2305 αὖθις

594 2335 745 2421 Λέκτροισι
755 2339 852 2422 πρηνὴς
864 2334 1043 2398 ένικάττεσεν
1054 2336 1221 2419 εἱλιχθεῖσα.
1251 2337 1342 2398 Auo.
1355 2329 1515 2398 111.648.

509 2495 607 2565 Tum
624 2517 706 2587 quae
723 2504 922 2588 sequuntur
937 2495 1056 2566 adhuc
1073 2494 1244 2580 dulciora,

590 2644 648 2719 *Ως
665 2645 749 2722 tuito·
772 2651 819 2720 τῆς
834 2647 856 2709 θ
873 2647 976 2733 έρόθῃνε
990 2649 1105 2732 σαρῆἱα·
1128 2643 1174 2720 θὴν
1188 2646 1217 2708 δέ
1231 2671 1279 2727 μιν
1294 2643 1375 2718 αἰθάς

598 2746 734 2831 Παρθενέη
751 2746 901 2833 κατέρυκεν
915 2747 1093 2830 ἀμείψασθαι
1107 2750 1261 2830 μεμαυῖαν.

597 2851 692 2923 Μῦθος
707 2850 728 2911 δ’
744 2848 849 2913 ἀλλοτε
864 2850 915 2931 μέν
930 2856 959 2913 oi·
969 2852 1009 2913 ἀπ’
1025 2850 1183 2937 ἀκροτάτης
1197 2834 1331 2911 ἀνέτελλε

597 2948 746 3028 radam,
761 2949 861 3013 ἄλλοτ’
878 2949 962 3036 θνερθε
977 2952 1055 3013 κατὰ
1068 2951 1164 3025 στῆθος
1177 2946 1324 3024 πεπότητο.

1244 3050 1337 3113 Aac.
1354 3048 1426 3113 111.
1441 3046 1519 3112 681.

511 3188 604 3260 Mox
620 3198 743 3260 autem
760 3188 823 3259 ubi
840 3186 1027 3259 contrariis
1050 3186 1145 3257 curis
1163 3208 1263 3257 mens
1280 3210 1411 3279 anceps
1432 3185 1562 3256 distra-

511 3302 621 3386 hitur,
645 3325 716 3373 non
743 3303 892 3395 vulgare
914 3311 970 3373 est
990 3299 1080 3371 illud
1103 3300 1201 3393 quod
1226 3323 1318 3383 eam,
1338 3322 1386 3371 ne
1408 3312 1562 3371 mortem

512 3415 578 3485 sibi
596 3415 801 3497 consciscat,
814 3415 956 3488 cohibet
972 3414 1151 3508 paulisper
1167 3414 1282 3508 pudor
1293 3425 1331 3488 et
1347 3416 1444 3485 laesae
1455 3416 1563 3486 famae

511 3537 761 3622 postmortem
779 3538 908 3600 metus.
959 3530 1078 3613 Quem
1098 3538 1288 3621 postquam
1308 3527 1445 3601 exemit
1467 3552 1565 3599 scru-

511 3644 638 3736 pulum
655 3652 692 3712 et
707 3640 846 3713 facinus
862 3644 1079 3715 horrendum
1092 3644 1170 3737 jam
1187 3643 1262 3714 fixo
1278 3642 1384 3714 corde
1400 3642 1566 3737 aggredi·

511 3770 583 3841 tur,
595 3756 691 3829 flecti
709 3780 831 3828 rursus
848 3757 987 3851 incipit,
999 3758 1210 3851 absistitque
1225 3758 1420 3850 proposito,
1431 3757 1509 3849 ipso
1526 3758 1563 3827 in

510 3873 600 3945 lethi
617 3871 739 3943 limine
756 3872 963 3944 consistens.
999 3872 1146 3965 Optime
1163 3872 1302 3942 sanein
1320 3872 1376 3943 his
1394 3872 1564 3952 cernitur,

387 4002 390 4009 '
512 4012 619 4083 quam
634 4010 681 4059 ex
694 3988 835 4081 integro
849 3998 989 4059 naturae
1002 3986 1102 4059 fonte
1114 3986 1270 4058 deducta
1282 3995 1367 4058 sunt
1380 3984 1522 4057 omnia:
