3559 5575
222 199 354 264 Pana.
367 200 447 264 v11.
505 201 628 266 PARS
651 202 811 268 PRIMA
834 203 900 267 DE
926 201 1051 268 lMlT.
1248 206 1290 273 91

221 373 352 466 poetis
376 396 581 468 quenquam
606 375 879 464 nominaverim,
895 376 956 448 cui
977 377 1079 448 deest
1095 375 1157 448 ille
1174 375 1294 448 flumi-

223 511 323 558 num
347 511 389 560 ac
412 491 594 582 sylvarum
619 513 732 578 amor,
748 501 812 562 aut
829 491 887 562 cui
911 514 983 563 non
1001 491 1119 562 visum
1136 502 1204 574 est,
1220 515 1293 586 quo

224 604 377 698 longius
396 607 536 678 abesset
553 607 599 679 ab
621 605 764 678 urbium
781 607 948 703 negotiis,
965 631 1009 679 eo
1025 631 1064 679 ae
1080 608 1227 701 propius
1244 607 1293 679 ad

226 718 332 790 Deos
350 721 528 792 accedere.

286 833 383 906 Data
400 846 486 907 sunt
497 838 575 930 jam
593 861 615 906 a
631 838 733 908 uobis
750 837 787 908 in
806 840 873 908 hac
890 848 993 930 parte
1007 848 1187 932 praecepta
1200 841 1291 910 bene

229 951 363 1036 multa,
380 961 418 1022 et
434 951 586 1043 poeticae
608 952 696 1045 quid
720 952 955 1046 praestiterint
976 953 1104 1024 auxilii
1125 953 1291 1047 pictores,

230 1065 374 1136 cumin
392 1067 479 1137 locis
492 1068 744 1162 etregionibus
757 1080 834 1140 tum
848 1069 887 1138 in
905 1069 1044 1138 caeteris
1061 1070 1221 1142 externis
1236 1095 1293 1143 re·

230 1180 405 1266 ferendis,
417 1183 635 1277 jampridem
654 1194 708 1255 est
724 1183 904 1256 edoctum.
941 1183 1048 1266 Quod
1065 1183 1096 1254 si
1112 1184 1192 1276 quis
1208 1185 1294 1258 huic

232 1298 413 1390 voluptati
438 1300 519 1390 plus
545 1322 651 1392 aequo
675 1301 849 1382 consulat,
867 1321 949 1392 quae
965 1321 1014 1368 ex
1030 1321 1122 1394 vago
1139 1299 1294 1395 regionis

233 1423 426 1505 prospectu
442 1423 482 1485 et
497 1415 692 1508 tranquilla
709 1414 817 1484 modo
833 1437 954 1484 rerum
970 1413 1064 1484 facie
1080 1412 1206 1496 oritur,
1219 1412 1294 1484 cito

235 1527 437 1599 absumitur
468 1528 635 1600 materies
664 1553 791 1623 parum
823 1531 964 1622 ampla:
994 1531 1144 1625 languet
1168 1541 1292 1602 autem

234 1644 422 1736 paullatim
438 1646 591 1740 legentis
607 1645 761 1729 animus,
773 1645 983 1741 fastiditque
996 1658 1061 1718 aut
1070 1648 1236 1741 jejunam
1252 1657 1293 1719 et

235 1759 387 1830 inertem
406 1783 555 1844 moram,
567 1773 632 1833 aut
644 1760 812 1857 frigidam
829 1763 867 1831 in
886 1762 1030 1834 easdem
1047 1785 1104 1833 res
1121 1763 1293 1835 reversio·

236 1896 330 1944 nem.
373 1876 493 1957 Quare
511 1875 556 1947 ab
573 1875 739 1947 universo
754 1898 885 1971 genere
903 1877 1051 1948 tandem
1068 1874 1293 1947 deflectenda

237 1999 292 2060 est
314 1990 496 2062 acies-et
519 1991 557 2062 iu
583 1991 741 2086 singulas
765 1991 899 2062 formas
923 2002 961 2062 et
987 1991 1145 2062 minutas
1170 2013 1293 2062 rerum

237 2103 474 2197 proprietates
491 2107 621 2177 acriter
636 2106 911 2198 inspiciendum.
955 2106 1054 2176 Hinc
1070 2107 1197 2198 utique
1212 2128 1295 2196 pro-

237 2220 380 2290 mendae
394 2231 479 2292 sunt
488 2220 737 2314 copiae-hinc
749 2220 940 2291 facultates
951 2243 1056 2290 norae
1068 2243 1181 2313 usque
1197 2221 1295 2292 colli-

233 2337 379 2432 gendae.
433 2336 563 2429 Neque
580 2335 675 2407 enim
693 2335 775 2406 istae
793 2345 937 2406 tautum
954 2359 1020 2406 nos
1036 2336 1217 2408 delectant
1233 2337 1295 2408 de-

233 2451 458 2545 scriptiones,
476 2475 559 2546 quae
584 2451 620 2522 in
648 2453 831 2522 oculorum
856 2449 1013 2546 matiam
1035 2461 1121 2522 sunt
1142 2451 1292 2535 effictae3

232 2569 321 2662 quin
338 2565 486 2639 omuino
499 2567 688 2640 veritatem
706 2589 827 2638 rerum
845 2565 978 2638 diserte
994 2566 1127 2660 exponi
1143 2589 1293 2663 magno-

232 2708 318 2777 pere
347 2696 448 2757 amat
478 2708 600 2756 mens:
631 2707 704 2756 non
729 2707 809 2756 eam
836 2706 923 2755 sane
948 2684 996 2755 ob
1021 2707 1166 2755 oausam
1193 2684 1292 2777 quod

232 2802 407 2873 hacteuus
424 2802 548 2897 ignota
567 2800 684 2884 discit,
702 2800 799 2895 (quoe
816 2811 872 2872 est
889 2800 1005 2872 aliena
1021 2823 1165 2892 prorsus
1181 2811 1221 2872 et
1236 2800 1291 2871 di-

233 2918 327 2989 versi
353 2918 495 3013 generis
513 2920 704 3010 voluptas)
722 2918 785 2988 sed
809 2917 896 3010 quia
923 2916 976 2987 sic
1001 2915 1192 2987 refricatur
1218 2939 1292 2987 me·

234 3036 360 3116 moria,
378 3043 415 3104 et
433 3032 559 3124 sopitae
575 3030 613 3102 in
635 3030 756 3103 animo
778 3034 934 3102 subeunt
951 3030 1137 3124 imagines,
1155 3041 1194 3101 et
1208 3053 1292 3123 quae

233 3158 358 3220 narrat
385 3146 476 3217 alius
501 3170 584 3217 curn
611 3146 710 3238 prius
739 3145 893 3241 cognitis
920 3145 1082 3215 conferre
1106 3147 1225 3238 juvat,
1254 3156 1293 3217 et

234 3274 413 3358 quatenus
430 3260 647 3334 conveniant
663 3260 759 3331 inter
776 3284 814 3331 se
832 3260 965 3331 videre.
1043 3272 1049 3283 ⁴

285 3379 467 3475 Equidem
482 3378 519 3448 in
533 3376 758 3470 expedienda
775 3375 952 3447 unirersae
969 3376 1078 3470 hujus
1092 3373 1291 3469 disciplina

234 3495 384 3579 ratione,
400 3496 490 3566 illud
517 3495 600 3566 olim
627 3494 900 3586 comprobatum
920 3490 1289 3585 volui-voluptatem

235 3634 316 3703 quae
333 3612 486 3682 efficitur
502 3608 704 3681 imitatione
721 3630 793 3680 non
810 3631 858 3679 ex
875 3630 975 3679 mera
990 3607 1061 3678 fide
1078 3609 1290 3681 actoritate

234 3728 481 3821 descriptionis
504 3726 613 3809 nasci,
631 3726 695 3797 sed
718 3727 888 3820 majorem
913 3734 1002 3795 tunc
1025 3725 1141 3795 multo
1158 3748 1235 3797 esse
1252 3734 1291 3795 et

233 3843 453 3931 alacriorem,
470 3842 499 3913 si
517 3841 660 3935 quando
677 3840 833 3913 imitatio
849 3841 913 3911 fiat
929 3839 969 3909 in
991 3862 1031 3910 re
1052 3840 1203 3932 pulchra
1225 3851 1290 3911 aut

233 3972 398 4045 venusta,
416 3972 479 4033 aut
492 3984 574 4054 quae
591 3960 710 4054 aliqua
724 3959 867 4055 propria
878 3958 1013 4031 vinata
1027 3957 1129 4030 uobis
1144 3980 1182 4028 ae
1195 3979 1291 4028 com-

233 4078 392 4151 mendet.
445 4076 496 4149 Et
514 4078 673 4171 profecto
695 4100 777 4171 quae
800 4100 887 4149 mox
907 4075 1119 4148 adducenda
1140 4081 1226 4145 eunt
1242 4096 1290 4145 ex
