3559 5575
492 150 559 217 ma
861 145 985 212 nans
1008 118 1169 209 unuin
1329 143 1445 208 em.
1461 143 1550 211 xu.

621 320 760 405 Expone
774 316 885 381 seaiem
900 314 1008 395 cadis,
1020 326 1053 379 et
1066 311 1189 401 duplex
1202 312 1291 377 nefas

622 424 834 507 Prosequere:
858 418 980 507 gaudet
994 439 1128 503 magnus
1142 436 1301 481 aerumnas
1313 414 1405 480 dolor

622 525 776 589 Tractare
791 534 889 586 totas:
914 519 984 598 ede,
997 536 1031 583 et
1044 540 1157 585 enarra
1169 516 1287 580 omnia.

1255 620 1392 684 Taoau.
1406 619 1506 685 1065.

492 781 545 851 Et
564 790 753 874 postquam
776 778 862 851 satis
883 780 991 873 longa
1014 776 1172 848 narratio
1197 777 1245 847 ad
1269 777 1379 849 finem
1404 776 1444 847 iu
1468 780 1550 851 haec

492 898 601 968 verba
615 897 790 988 perducta
806 904 872 981 est,

966 1019 1067 1085 Silicis
1080 1017 1220 1107 impulsu
1234 1034 1331 1106 caput

622 1128 782 1213 Ruptum,
797 1123 927 1189 cerebro
939 1122 1066 1211 penitus
1080 1145 1239 1210 expresso,
1248 1122 1335 1208 jacet

620 1228 773 1293 Deforme
786 1249 910 1315 coi-pua
1258 1224 1392 1289 Tanau.
1406 1227 1502 1292 1115.

492 1358 686 1453 Subjuugit
702 1357 810 1429 modo
827 1365 953 1437 mater,

622 1484 645 1517 ‘⁶
660 1476 712 1540 Sic
726 1496 854 1563 quoque
868 1487 916 1539 est
930 1471 1038 1537 similis
1052 1472 1166 1561 patri-'²

491 1598 672 1689 Exemplo
688 1598 837 1669 fortasse
853 1596 1064 1668 Graecorum
1085 1596 1244 1689 seipsum
1267 1596 1405 1669 Seneca
1424 1598 1549 1670 defen·

491 1712 604 1795 deret,
621 1712 683 1805 qui
708 1713 835 1784 eodem
858 1734 954 1804 saepe
974 1712 1030 1783 usi
1051 1722 1137 1783 suut
1153 1710 1315 1796 artificio,
1332 1728 1376 1784 ut
1390 1713 1549 1807 desciip-

491 1826 583 1900 tioni
600 1852 675 1900 suae
692 1829 755 1900 fiat
772 1827 903 1899 aditus.
954 1828 1072 1921 Atqui
1089 1830 1134 1899 ab
1151 1825 1339 1920 Euiipide,
1355 1852 1463 1921 quem
1481 1852 1549 1923 po·

491 1943 670 2015 tissimum
709 1942 810 2037 sequi
845 1942 960 2014 voluit
995 1944 1143 2027 Seneca,
1179 1941 1328 2015 minime
1365 1946 1412 2016 ad
1448 1946 1548 2018 huuc

492 2061 639 2131 modum
664 2069 851 2155 peccatum
876 2082 953 2132 esse
977 2058 1132 2131 invenio.
1183 2059 1311 2155 Longe
1340 2061 1445 2133 aliter
1469 2062 1547 2133 He·

492 2177 618 2247 cubam
637 2176 724 2249 fecit
740 2176 785 2247 de
801 2185 918 2247 morte
935 2174 1134 2267 Polyxenae
1150 2174 1414 2260 sciscitantem

579 2312 648 2381 Πῶς
662 2308 715 2373 aa!
727 2332 765 2369 νιν
780 2303 957 2391 ἐξεπράξατ’;
982 2301 1027 2390 aip’
1043 2304 1214 2387 αἰδούμενοις

572 2405 618 2471 Ἢ
632 2410 698 2496 πρὸς
711 2410 744 2473 'td
759 2408 839 2471 tenuta
854 2407 952 2486 ἥλΜ,
966 2410 1003 2480 ὥς
1017 2406 1132 2492 ἑχθρᾶν,
1147 2405 1241 2491 γὲρον,
1298 2480 1301 2496 Ι

578 2509 756 2585 Κτεῖνοντιςς
772 2507 842 2589 ciri,
854 2507 955 2594 καίπερ
966 2511 997 2572 οὐ
1007 2506 1096 2586 λέξων
1106 2506 1190 2591 φίλα.
1221 2508 1307 2573 Eun.
1321 2510 1411 2575 Hltc.
1422 2513 1502 2583 519.

490 2630 626 2703 Utrum
651 2632 750 2702 salva
773 2630 873 2725 regia
897 2628 1075 2725 dignitate
1099 2630 1246 2725 perient
1268 2630 1398 2725 cupide
1419 2645 1546 2729 rogat3

491 2748 588 2842 quod
604 2748 634 2819 si
649 2748 702 2822 ita
719 2748 856 2820 factum
871 2746 994 2832 scierit,
1012 2768 1083 2817 non
1107 2746 1279 2819 mediocri
1301 2748 1340 2820 id
1362 2748 1431 2820 sibi
1455 2752 1548 2823 sola·

493 2863 544 2935 tio
560 2863 635 2936 fore
653 2863 841 2959 significat.
891 2862 1066 2945 Quamvis
1083 2861 1196 2956 igitur
1212 2864 1337 2936 durius
1355 2866 1476 2958 paullo
1493 2865 1546 2936 vi-

491 2981 631 3065 deatur,
643 2990 686 3052 ut
699 2979 895 3072 Talthybio
906 2977 945 3049 in
963 2977 1106 3071 singula
1121 2980 1329 3051 excurrenti
1346 2981 1545 3072 patientem

492 3119 613 3170 aurem
632 3099 801 3191 praebeat‚
818 3117 934 3189 neque
951 3094 1004 3165 ita
1021 3094 1260 3187 Talthybium
1282 3119 1403 3168 coram
1429 3109 1545 3170 matre

491 3213 695 3285 locuturum
707 3213 827 3296 fuisse,
840 3211 911 3283 uisi
927 3208 1151 3281 audientium
1165 3233 1283 3295 causa,
1293 3213 1381 3284 satis
1392 3224 1544 3297 constet,

492 3341 589 3410 cente
611 3330 756 3401 omuino
773 3328 862 3401 vitio
879 3335 984 3399 vacat
1000 3326 1096 3419 quod
1118 3325 1158 3396 in
1179 3326 1325 3400 Seuecae
1341 3314 1546 3401 Androma-

492 3446 559 3514 che
582 3444 796 3531 notavimus,
813 3447 915 3540 cujus
931 3442 1040 3546 uerba
1057 3440 1226 3513 Medeam
1244 3443 1362 3535 potius
1378 3446 1545 3518 ultricem

492 3559 591 3630 illam
625 3569 689 3629 aut
718 3561 857 3632 hostem
892 3561 1046 3654 aliquem
1083 3561 1329 3632 truculentum
1363 3563 1546 3648 decerent,

492 3696 602 3768 quam
619 3674 805 3747 mulierem
822 3678 949 3748 acerbo
965 3677 1066 3746 luctu
1083 3684 1121 3746 et
1137 3698 1288 3748 maerore
1304 3678 1517 3750 conlectam.

543 3789 727 3861 Nonnulla
743 3790 853 3862 etiam
870 3789 1080 3883 Sophoclem
1095 3790 1200 3862 aliter
1211 3777 1391 3883 soiiusisse
1404 3794 1550 3876 vellem,

492 3915 613 3976 vatem
631 3905 789 3978 maxime
803 3907 965 3978 omnium
977 3906 1074 3977 vitiis
1086 3905 1301 3989 immunem3
1318 3909 1550 4000 nequeenim

493 4018 682 4093 delicatam
700 4020 903 4094 Tecmessae
920 4020 1108 4093 mollitiam
1128 4044 1289 4114 unquam
1309 4023 1461 4115 pmbare
1482 4045 1553 4114 pom
