3559 5575
195 527 312 596 Pur.
327 527 397 593 Ill.
528 528 594 594 DE
617 527 923 594 ῙΜῙΤΑΤῙΟΝΕ.
1206 529 1249 595 81

196 702 333 774 tiorum
356 701 541 796 opiniones
566 703 658 775 bene
677 701 774 774 inter
799 725 839 774 se
863 697 1095 784 conveniunt,
1118 700 1253 775 idciroe

197 817 401 890 universam
418 842 493 892 rem
511 819 699 912 perspicua
711 817 871 890 oratione
884 826 1041 889 tractare
1052 817 1181 890 melius
1191 819 1254 912 ju·

198 931 326 1016 dicavi,
343 943 382 1007 et
398 959 481 1028 quae
501 958 583 1008 mea
602 933 714 1028 ipsius
739 929 786 1004 sit
808 933 854 1006 de
876 930 1026 1004 Poetica
1042 931 1252 1005 Imitatione

198 1046 387 1132 sententio,
405 1039 494 1143 quot
511 1049 584 1121 sint
600 1051 678 1142 ejus
703 1071 847 1142 genera,
863 1046 952 1140 quid
968 1045 1006 1117 iu
1023 1070 1172 1142 quoque
1190 1073 1254 1144 ge-

197 1185 284 1234 nere
300 1165 523 1255 probandum
536 1174 600 1238 aut
612 1163 823 1260 fugiendum
837 1172 902 1236 aut
913 1164 1113 1237 cavendum
1127 1175 1252 1260 putem

192 1280 294 1373 justu
311 1280 435 1352 ordine
452 1281 643 1374 explicare.

250 1394 415 1466 Primum
431 1397 543 1491 igitur
559 1405 614 1468 est
631 1419 755 1490 genus,
772 1395 953 1468 veteribus
973 1395 1252 1491 haudquaquam

198 1509 416 1603 ignotum‚a
441 1513 572 1583 nostris
597 1523 719 1582 autem
744 1512 949 1583 hominibus
971 1515 1080 1608 vulgo
1100 1515 1255 1584 celebra-

198 1635 293 1708 tum,
309 1627 405 1718 quod
422 1627 500 1721 ipsc
518 1626 688 1698 orationis
704 1649 792 1698 sono
808 1626 972 1698 efficitur.
998 1626 1059 1698 Ea
1074 1638 1130 1699 est
1145 1628 1255 1714 enim,

199 1741 292 1815 sicut
309 1741 424 1826 aiunt,
440 1743 645 1839 linguarum
671 1742 776 1829 ratio,
794 1753 835 1814 ut
852 1765 974 1814 rerum
995 1753 1164 1815 naturam
1189 1767 1256 1816 ιω-

200 1855 345 1949 pisn'me
360 1881 488 1932 vocum
506 1857 741 1930 similitudine
756 1858 968 1931 imitentur:
993 1857 1046 1930 sic
1060 1859 1254 1931 fulminum

200 1989 239 2046 et
255 1984 509 2068 tempestatum
528 1973 672 2048 horrida
687 1975 906 2071 confragosis
920 1974 1127 2069 asperisque
1135 1976 1254 2049 verbio

200 2089 403 2186 significari,
420 2092 545 2164 modos
560 2104 759 2186 cauturque
784 2093 909 2164 molles
931 2092 1074 2164 leuibus
1092 2091 1255 2186 liquidn-

199 2227 271 2299 que
298 2208 554 2280 efferri-alios
579 2209 733 2303 denique
760 2231 863 2280 corros
890 2207 1041 2301 propriis
1067 2219 1254 2281 conaemn-

201 2322 348 2416 neisque
365 2321 511 2396 vocibus
535 2325 773 2416 utplurimum
796 2323 951 2394 indicari
972 2345 1087 2415 pone,
1104 2346 1153 2394 ex
1175 2323 1254 2417 ipsa

201 2437 272 2508 cris
288 2449 327 2510 et
342 2440 476 2533 linguae
499 2439 768 2511 confirmatione
792 2439 839 2510 ad
863 2439 959 2509 hanc
981 2434 1254 2510 similitudinem

203 2553 383 2624 confictis:
407 2575 561 2646 quarum
578 2553 607 2624 si
625 2555 805 2624 delectum
821 2552 890 2624 rite
908 2554 1039 2623 babeat
1051 2553 1176 2636 Poeta,
1189 2552 1257 2622 mi·

203 2689 283 2738 rum
307 2678 373 2754 est,
393 2668 450 2740 uti
474 2667 675 2760 perhibent,
693 2677 869 2762 quantum
890 2670 1034 2740 valeant
1058 2669 1103 2739 ad
1129 2667 1256 2763 imagi·

203 2806 266 2855 nes
282 2808 402 2855 rerum
415 2783 454 2855 in
472 2783 592 2856 animo
604 2783 825 2874 excitandas,
837 2795 875 2859 et
889 2797 1026 2881 quanta
1037 2783 1256 2878 percipiatur

201 2922 250 2971 ex
275 2902 342 2973 hac
368 2900 581 2973 imitationis
607 2902 724 2995 specie
752 2904 925 2997 voluptas.
977 2902 1106 2997 Neque
1131 2922 1255 2974 exem·

201 3018 342 3110 plorum
368 3016 470 3111 copia
493 3016 539 3089 iis
565 3019 677 3102 deest,
698 3040 745 3091 ex
768 3019 912 3112 optimis
939 3019 1170 3113 scriptoribus
1192 3017 1255 3089 de·

200 3141 356 3224 sumpta,
372 3132 502 3226 quibus
518 3135 597 3207 haec
612 3135 666 3206 ita
681 3158 720 3205 se
736 3135 866 3208 habere
881 3146 1161 3208 commonstrare
1173 3156 1254 3227 per·

201 3256 301 3340 gant.
353 3248 467 3330 Quale
484 3258 539 3320 est
555 3248 645 3321 illud
662 3248 818 3345 Virgilii,

246 3424 516 3513 Quadrupedante
530 3439 655 3515 putrem
671 3422 775 3491 sonitu
790 3424 893 3514 quatit
908 3426 1029 3515 ungula
1042 3448 1201 3513 campum,

199 3588 301 3682 qucd
325 3588 452 3658 volunt
475 3588 683 3681 frequentes
710 3586 749 3659 in
775 3588 873 3680 putri
901 3589 1008 3684 gleba
1035 3590 1253 3685 ungularum

199 3704 296 3777 ictus
313 3704 391 3797 ipsc
406 3726 528 3777 versus
545 3703 663 3775 sonitu
681 3704 824 3777 referre.
874 3704 976 3778 Sicut
987 3716 1026 3778 et
1041 3707 1112 3779 hcc
1126 3706 1254 3783 ralion-

200 3830 278 3893 tcm
295 3820 333 3892 iu
345 3812 483 3916 'tegulis
498 3820 723 3917 grandinem,

290 3996 370 4061 Tam
386 3996 487 4063 multa
499 3997 532 4062 in
548 3998 638 4063 tectis
651 3999 806 4089 crepitans
820 3998 890 4065 salit
903 4000 1031 4065 horrida
1044 4002 1176 4091 grando.

202 4168 284 4241 Aut
300 4166 410 4240 etiam
426 4166 616 4241 illustriora
635 4170 697 4241 illo
713 4178 877 4254 utuntur,
894 4180 1021 4264 utpote
1037 4170 1134 4265 quod
1151 4171 1254 4247 audi·

201 4283 342 4359 entium
359 4308 462 4357 aum
478 4286 628 4359 stridulo
644 4296 682 4359 at
698 4286 853 4359 discordi
868 4310 955 4361 suno
971 4287 1152 4374 dilaceret,

293 4414 443 4482 Stddeud
456 4413 604 4483 miserum
618 4416 736 4505 stipula
747 4416 929 4505 disperdere
942 4439 1077 4483 carmen.
