<?xml version="1.0" encoding="UTF-8"?>
<!DOCTYPE html PUBLIC "-//W3C//DTD XHTML 1.0 Transitional//EN"
    "http://www.w3.org/TR/xhtml1/DTD/xhtml1-transitional.dtd">
<html xmlns="http://www.w3.org/1999/xhtml" xml:lang="en" lang="en">
 <head>
  <title>
</title>
<meta http-equiv="Content-Type" content="text/html;charset=utf-8" />
  <meta name='ocr-system' content='tesseract 3.04.00' />
  <meta name='ocr-capabilities' content='ocr_page ocr_carea ocr_par ocr_line ocrx_word'/>
</head>
<body>
  <div class='ocr_page' id='page_1' title='image "./praelectionesac00coplgoog_0174.png"; bbox 0 0 3559 5575; ppageno 0'>
   <div class='ocr_carea' id='block_1_1' title="bbox 107 4005 147 4064">
    <p class='ocr_par' dir='ltr' id='par_1_1' title="bbox 107 4005 147 4064">
     <span class='ocr_line' id='line_1_1' title="bbox 107 4005 147 4064; baseline 0 0"><span class='ocrx_word' id='word_1_1' title='bbox 107 4005 147 4064; x_wconf 47' lang='lat'><strong>[21⁶⁵</strong></span> 
     </span>
    </p>
   </div>
   <div class='ocr_carea' id='block_1_2' title="bbox 108 4119 167 4175">
    <p class='ocr_par' dir='ltr' id='par_1_2' title="bbox 108 4119 167 4175">
     <span class='ocr_line' id='line_1_2' title="bbox 108 4119 167 4175; baseline 0 0"><span class='ocrx_word' id='word_1_2' title='bbox 108 4119 167 4175; x_wconf 55' lang='grc' dir='ltr'><strong>τέ’</strong></span> 
     </span>
    </p>
   </div>
   <div class='ocr_carea' id='block_1_3' title="bbox 310 147 2435 219">
    <p class='ocr_par' dir='ltr' id='par_1_3' title="bbox 310 147 2435 219">
     <span class='ocr_line' id='line_1_3' title="bbox 310 147 2435 219; baseline 0.002 -6"><span class='ocrx_word' id='word_1_3' title='bbox 310 151 546 213; x_wconf 72' lang='lat' dir='ltr'><strong>Pam„</strong></span> <span class='ocrx_word' id='word_1_4' title='bbox 582 147 718 213; x_wconf 86' lang='lat' dir='ltr'><strong>XI.</strong></span> <span class='ocrx_word' id='word_1_5' title='bbox 993 148 1123 212; x_wconf 88' lang='lat' dir='ltr'><strong>DE</strong></span> <span class='ocrx_word' id='word_1_6' title='bbox 1175 149 1772 214; x_wconf 85' lang='lat' dir='ltr'><strong>IMITATIONE.</strong></span> <span class='ocrx_word' id='word_1_7' title='bbox 2307 150 2435 219; x_wconf 85' lang='lat'><strong>159</strong></span> 
     </span>
    </p>
   </div>
   <div class='ocr_carea' id='block_1_4' title="bbox 309 320 2457 4113">
    <p class='ocr_par' dir='ltr' id='par_1_4' title="bbox 309 320 2449 1662">
     <span class='ocr_line' id='line_1_4' title="bbox 309 320 2437 416; baseline 0.001 -24"><span class='ocrx_word' id='word_1_8' title='bbox 309 331 565 394; x_wconf 88' lang='lat' dir='ltr'><strong>utrum</strong></span> <span class='ocrx_word' id='word_1_9' title='bbox 599 345 688 392; x_wconf 89' lang='lat' dir='ltr'><strong>ea</strong></span> <span class='ocrx_word' id='word_1_10' title='bbox 720 321 816 394; x_wconf 87' lang='lat' dir='ltr'><strong>sit</strong></span> <span class='ocrx_word' id='word_1_11' title='bbox 848 321 1198 415; x_wconf 85' lang='lat' dir='ltr'><strong>poemat-is</strong></span> <span class='ocrx_word' id='word_1_12' title='bbox 1232 322 1418 393; x_wconf 86' lang='lat' dir='ltr'><strong>ratio</strong></span> <span class='ocrx_word' id='word_1_13' title='bbox 1456 321 1699 414; x_wconf 87' lang='lat' dir='ltr'><strong>(sicuti</strong></span> <span class='ocrx_word' id='word_1_14' title='bbox 1733 328 1845 393; x_wconf 79' lang='lat' dir='ltr'><strong>es&#39;t</strong></span> <span class='ocrx_word' id='word_1_15' title='bbox 1877 320 1954 392; x_wconf 90' lang='lat' dir='ltr'><strong>in</strong></span> <span class='ocrx_word' id='word_1_16' title='bbox 1991 321 2241 394; x_wconf 83' lang='lat' dir='ltr'><strong>Ovidii</strong></span> <span class='ocrx_word' id='word_1_17' title='bbox 2286 322 2437 416; x_wconf 89' lang='lat' dir='ltr'><strong>epi-</strong></span> 
     </span>
     <span class='ocr_line' id='line_1_5' title="bbox 314 435 2437 530; baseline 0 -22"><span class='ocrx_word' id='word_1_18' title='bbox 314 436 519 508; x_wconf 83' lang='lat' dir='ltr'><strong>stolis</strong></span> <span class='ocrx_word' id='word_1_19' title='bbox 552 436 1175 530; x_wconf 84' lang='lat' dir='ltr'><strong>compluribusque</strong></span> <span class='ocrx_word' id='word_1_20' title='bbox 1210 437 1366 507; x_wconf 88' lang='lat' dir='ltr'><strong>aliis</strong></span> <span class='ocrx_word' id='word_1_21' title='bbox 1400 435 1868 528; x_wconf 81' lang='lat' dir='ltr'><strong>carminibus)</strong></span> <span class='ocrx_word' id='word_1_22' title='bbox 1905 444 1990 507; x_wconf 89' lang='lat' dir='ltr'><strong>ut</strong></span> <span class='ocrx_word' id='word_1_23' title='bbox 2019 437 2112 507; x_wconf 97' lang='lat' dir='ltr'><strong>de</strong></span> <span class='ocrx_word' id='word_1_24' title='bbox 2154 461 2231 508; x_wconf 89' lang='lat' dir='ltr'><strong>se</strong></span> <span class='ocrx_word' id='word_1_25' title='bbox 2274 461 2437 529; x_wconf 89' lang='lat' dir='ltr'><strong>per-</strong></span> 
     </span>
     <span class='ocr_line' id='line_1_6' title="bbox 319 551 2436 646; baseline 0 -22"><span class='ocrx_word' id='word_1_26' title='bbox 319 575 497 624; x_wconf 88' lang='lat' dir='ltr'><strong>sona</strong></span> <span class='ocrx_word' id='word_1_27' title='bbox 534 551 731 646; x_wconf 91' lang='lat' dir='ltr'><strong>loqui</strong></span> <span class='ocrx_word' id='word_1_28' title='bbox 775 563 902 623; x_wconf 89' lang='lat' dir='ltr'><strong>aut</strong></span> <span class='ocrx_word' id='word_1_29' title='bbox 937 552 1241 624; x_wconf 86' lang='lat' dir='ltr'><strong>scribere</strong></span> <span class='ocrx_word' id='word_1_30' title='bbox 1286 553 1624 646; x_wconf 85' lang='lat' dir='ltr'><strong>fingatur,</strong></span> <span class='ocrx_word' id='word_1_31' title='bbox 1657 562 2039 645; x_wconf 90' lang='lat' dir='ltr'><strong>propterea</strong></span> <span class='ocrx_word' id='word_1_32' title='bbox 2088 552 2283 645; x_wconf 91' lang='lat' dir='ltr'><strong>quod</strong></span> <span class='ocrx_word' id='word_1_33' title='bbox 2331 553 2436 625; x_wconf 91' lang='lat' dir='ltr'><strong>sic</strong></span> 
     </span>
     <span class='ocr_line' id='line_1_7' title="bbox 320 666 2437 761; baseline 0 -24"><span class='ocrx_word' id='word_1_34' title='bbox 320 666 575 738; x_wconf 88' lang='lat' dir='ltr'><strong>melius</strong></span> <span class='ocrx_word' id='word_1_35' title='bbox 606 677 1032 761; x_wconf 86' lang='lat' dir='ltr'><strong>argumento</strong></span> <span class='ocrx_word' id='word_1_36' title='bbox 1067 667 1363 748; x_wconf 90' lang='lat' dir='ltr'><strong>consuli,</strong></span> <span class='ocrx_word' id='word_1_37' title='bbox 1390 677 1464 736; x_wconf 87' lang='lat' dir='ltr'><strong>et</strong></span> <span class='ocrx_word' id='word_1_38' title='bbox 1490 666 1730 759; x_wconf 87' lang='lat' dir='ltr'><strong>capita</strong></span> <span class='ocrx_word' id='word_1_39' title='bbox 1754 667 2090 760; x_wconf 85' lang='lat' dir='ltr'><strong>locosque</strong></span> <span class='ocrx_word' id='word_1_40' title='bbox 2125 667 2232 739; x_wconf 88' lang='lat' dir='ltr'><strong>rei</strong></span> <span class='ocrx_word' id='word_1_41' title='bbox 2264 667 2437 738; x_wconf 87' lang='lat' dir='ltr'><strong>ube-</strong></span> 
     </span>
     <span class='ocr_line' id='line_1_8' title="bbox 317 782 2437 874; baseline 0 -22"><span class='ocrx_word' id='word_1_42' title='bbox 317 783 472 854; x_wconf 86' lang='lat' dir='ltr'><strong>rius</strong></span> <span class='ocrx_word' id='word_1_43' title='bbox 504 783 801 854; x_wconf 84' lang='lat' dir='ltr'><strong>tractari</strong></span> <span class='ocrx_word' id='word_1_44' title='bbox 835 807 1036 874; x_wconf 89' lang='lat' dir='ltr'><strong>posse</strong></span> <span class='ocrx_word' id='word_1_45' title='bbox 1071 782 1599 853; x_wconf 85' lang='lat' dir='ltr'><strong>videatur—an</strong></span> <span class='ocrx_word' id='word_1_46' title='bbox 1634 806 1799 852; x_wconf 89' lang='lat' dir='ltr'><strong>suas</strong></span> <span class='ocrx_word' id='word_1_47' title='bbox 1834 806 2073 853; x_wconf 86' lang='lat' dir='ltr'><strong>coram</strong></span> <span class='ocrx_word' id='word_1_48' title='bbox 2108 782 2183 852; x_wconf 90' lang='lat' dir='ltr'><strong>in</strong></span> <span class='ocrx_word' id='word_1_49' title='bbox 2225 804 2437 853; x_wconf 89' lang='lat' dir='ltr'><strong>scena</strong></span> 
     </span>
     <span class='ocr_line' id='line_1_9' title="bbox 315 897 2437 994; baseline -0.001 -24"><span class='ocrx_word' id='word_1_50' title='bbox 315 908 565 990; x_wconf 87' lang='lat' dir='ltr'><strong>partes</strong></span> <span class='ocrx_word' id='word_1_51' title='bbox 597 909 791 994; x_wconf 87' lang='lat' dir='ltr'><strong>agat.</strong></span> <span class='ocrx_word' id='word_1_52' title='bbox 897 898 1056 968; x_wconf 89' lang='lat' dir='ltr'><strong>Illic</strong></span> <span class='ocrx_word' id='word_1_53' title='bbox 1090 898 1284 968; x_wconf 90' lang='lat' dir='ltr'><strong>enim</strong></span> <span class='ocrx_word' id='word_1_54' title='bbox 1319 900 1658 989; x_wconf 86' lang='lat' dir='ltr'><strong>praeclare</strong></span> <span class='ocrx_word' id='word_1_55' title='bbox 1692 908 1936 969; x_wconf 88' lang='lat' dir='ltr'><strong>actum</strong></span> <span class='ocrx_word' id='word_1_56' title='bbox 1970 907 2102 980; x_wconf 88' lang='lat' dir='ltr'><strong>est,</strong></span> <span class='ocrx_word' id='word_1_57' title='bbox 2131 897 2191 968; x_wconf 87' lang='lat' dir='ltr'><strong>si</strong></span> <span class='ocrx_word' id='word_1_58' title='bbox 2225 899 2437 991; x_wconf 89' lang='lat' dir='ltr'><strong>modo</strong></span> 
     </span>
     <span class='ocr_line' id='line_1_10' title="bbox 316 1013 2438 1106; baseline 0 -21"><span class='ocrx_word' id='word_1_59' title='bbox 316 1025 613 1086; x_wconf 83' lang='lat' dir='ltr'><strong>naturae</strong></span> <span class='ocrx_word' id='word_1_60' title='bbox 645 1013 1027 1085; x_wconf 87' lang='lat' dir='ltr'><strong>conveniat</strong></span> <span class='ocrx_word' id='word_1_61' title='bbox 1061 1015 1251 1105; x_wconf 89' lang='lat' dir='ltr'><strong>quod</strong></span> <span class='ocrx_word' id='word_1_62' title='bbox 1286 1013 1592 1085; x_wconf 84' lang='lat' dir='ltr'><strong>dicitur:</strong></span> <span class='ocrx_word' id='word_1_63' title='bbox 1627 1015 1769 1100; x_wconf 87' lang='lat' dir='ltr'><strong>bic,</strong></span> <span class='ocrx_word' id='word_1_64' title='bbox 1793 1025 2162 1106; x_wconf 87' lang='lat' dir='ltr'><strong>utcunque</strong></span> <span class='ocrx_word' id='word_1_65' title='bbox 2189 1036 2438 1089; x_wconf 83' lang='lat' dir='ltr'><strong>verum</strong></span> 
     </span>
     <span class='ocr_line' id='line_1_11' title="bbox 320 1125 2444 1221; baseline 0 -23"><span class='ocrx_word' id='word_1_66' title='bbox 320 1127 423 1198; x_wconf 89' lang='lat' dir='ltr'><strong>sit</strong></span> <span class='ocrx_word' id='word_1_67' title='bbox 457 1128 654 1221; x_wconf 92' lang='lat' dir='ltr'><strong>quod</strong></span> <span class='ocrx_word' id='word_1_68' title='bbox 688 1127 978 1211; x_wconf 90' lang='lat' dir='ltr'><strong>dicitur,</strong></span> <span class='ocrx_word' id='word_1_69' title='bbox 1006 1128 1404 1198; x_wconf 87' lang='lat' dir='ltr'><strong>cavendum</strong></span> <span class='ocrx_word' id='word_1_70' title='bbox 1442 1138 1684 1198; x_wconf 84' lang='lat' dir='ltr'><strong>tamen</strong></span> <span class='ocrx_word' id='word_1_71' title='bbox 1719 1137 1831 1197; x_wconf 88' lang='lat' dir='ltr'><strong>est</strong></span> <span class='ocrx_word' id='word_1_72' title='bbox 1850 1151 1943 1197; x_wconf 89' lang='lat' dir='ltr'><strong>ne</strong></span> <span class='ocrx_word' id='word_1_73' title='bbox 1977 1128 2281 1209; x_wconf 88' lang='lat' dir='ltr'><strong>dicatur,</strong></span> <span class='ocrx_word' id='word_1_74' title='bbox 2305 1125 2444 1198; x_wconf 89' lang='lat' dir='ltr'><strong>nisi</strong></span> 
     </span>
     <span class='ocr_line' id='line_1_12' title="bbox 324 1242 2449 1335; baseline -0.002 -20"><span class='ocrx_word' id='word_1_75' title='bbox 324 1253 399 1315; x_wconf 91' lang='lat' dir='ltr'><strong>et</strong></span> <span class='ocrx_word' id='word_1_76' title='bbox 435 1244 801 1315; x_wconf 86' lang='lat' dir='ltr'><strong>dicentem</strong></span> <span class='ocrx_word' id='word_1_77' title='bbox 836 1245 1110 1314; x_wconf 88' lang='lat' dir='ltr'><strong>deceat.</strong></span> <span class='ocrx_word' id='word_1_78' title='bbox 1216 1242 1378 1313; x_wconf 88' lang='lat' dir='ltr'><strong>Illic</strong></span> <span class='ocrx_word' id='word_1_79' title='bbox 1410 1243 1857 1335; x_wconf 82' lang='lat' dir='ltr'><strong>praecipuum</strong></span> <span class='ocrx_word' id='word_1_80' title='bbox 1891 1253 2131 1335; x_wconf 86' lang='lat' dir='ltr'><strong>atque,</strong></span> <span class='ocrx_word' id='word_1_81' title='bbox 2166 1253 2248 1313; x_wconf 90' lang='lat' dir='ltr'><strong>ut</strong></span> <span class='ocrx_word' id='word_1_82' title='bbox 2273 1243 2449 1314; x_wconf 85' lang='lat' dir='ltr'><strong>Dia--¹</strong></span> 
     </span>
     <span class='ocr_line' id='line_1_13' title="bbox 322 1354 2447 1452; baseline 0 -22"><span class='ocrx_word' id='word_1_83' title='bbox 322 1360 575 1431; x_wconf 89' lang='lat' dir='ltr'><strong>lectice</strong></span> <span class='ocrx_word' id='word_1_84' title='bbox 607 1361 885 1452; x_wconf 87' lang='lat' dir='ltr'><strong>loquar,</strong></span> <span class='ocrx_word' id='word_1_85' title='bbox 919 1354 1317 1429; x_wconf 67' lang='lat' dir='ltr'><strong>essentiale</strong></span> <span class='ocrx_word' id='word_1_86' title='bbox 1348 1367 1459 1429; x_wconf 88' lang='lat' dir='ltr'><strong>est</strong></span> <span class='ocrx_word' id='word_1_87' title='bbox 1491 1357 1686 1450; x_wconf 92' lang='lat' dir='ltr'><strong>quod</strong></span> <span class='ocrx_word' id='word_1_88' title='bbox 1719 1367 2092 1439; x_wconf 66' lang='lat' dir='ltr'><strong>narratum</strong></span> <span class='ocrx_word' id='word_1_89' title='bbox 2127 1358 2286 1450; x_wconf 89' lang='lat' dir='ltr'><strong>quis</strong></span> <span class='ocrx_word' id='word_1_90' title='bbox 2319 1368 2447 1430; x_wconf 90' lang='lat' dir='ltr'><strong>aut</strong></span> 
     </span>
     <span class='ocr_line' id='line_1_14' title="bbox 329 1471 2447 1568; baseline -0 -24"><span class='ocrx_word' id='word_1_91' title='bbox 329 1476 556 1568; x_wconf 89' lang='lat' dir='ltr'><strong>qualis</strong></span> <span class='ocrx_word' id='word_1_92' title='bbox 588 1486 856 1557; x_wconf 88' lang='lat' dir='ltr'><strong>narret,</strong></span> <span class='ocrx_word' id='word_1_93' title='bbox 891 1471 1302 1546; x_wconf 76' lang='lat' dir='ltr'><strong>accidentis</strong></span> <span class='ocrx_word' id='word_1_94' title='bbox 1334 1476 1492 1544; x_wconf 92' lang='lat' dir='ltr'><strong>loco</strong></span> <span class='ocrx_word' id='word_1_95' title='bbox 1526 1473 1982 1544; x_wconf 87' lang='lat' dir='ltr'><strong>habendum:</strong></span> <span class='ocrx_word' id='word_1_96' title='bbox 2035 1474 2230 1566; x_wconf 90' lang='lat' dir='ltr'><strong>quod</strong></span> <span class='ocrx_word' id='word_1_97' title='bbox 2278 1496 2447 1544; x_wconf 92' lang='lat' dir='ltr'><strong>con-</strong></span> 
     </span>
     <span class='ocr_line' id='line_1_15' title="bbox 331 1590 1434 1662; baseline -0.001 -2"><span class='ocrx_word' id='word_1_98' title='bbox 331 1601 445 1660; x_wconf 87' lang='lat' dir='ltr'><strong>tra</strong></span> <span class='ocrx_word' id='word_1_99' title='bbox 476 1591 774 1661; x_wconf 84' lang='lat' dir='ltr'><strong>omnino·</strong></span> <span class='ocrx_word' id='word_1_100' title='bbox 800 1590 1041 1662; x_wconf 85' lang='lat' dir='ltr'><strong>evenit</strong></span> <span class='ocrx_word' id='word_1_101' title='bbox 1075 1591 1151 1660; x_wconf 92' lang='lat' dir='ltr'><strong>in</strong></span> <span class='ocrx_word' id='word_1_102' title='bbox 1187 1591 1434 1661; x_wconf 88' lang='lat' dir='ltr'><strong>altero.</strong></span> 
     </span>
    </p>

    <p class='ocr_par' dir='ltr' id='par_1_5' title="bbox 337 1701 2456 3645">
     <span class='ocr_line' id='line_1_16' title="bbox 431 1701 2443 1798; baseline 0 -24"><span class='ocrx_word' id='word_1_103' title='bbox 431 1703 545 1775; x_wconf 91' lang='lat' dir='ltr'><strong>Ac</strong></span> <span class='ocrx_word' id='word_1_104' title='bbox 589 1723 682 1798; x_wconf 83' lang='lat' dir='ltr'><strong>ne</strong></span> <span class='ocrx_word' id='word_1_105' title='bbox 726 1705 907 1774; x_wconf 90' lang='lat' dir='ltr'><strong>illud</strong></span> <span class='ocrx_word' id='word_1_106' title='bbox 957 1704 1248 1797; x_wconf 90' lang='lat' dir='ltr'><strong>quidem</strong></span> <span class='ocrx_word' id='word_1_107' title='bbox 1300 1727 1417 1775; x_wconf 89' lang='lat' dir='ltr'><strong>me</strong></span> <span class='ocrx_word' id='word_1_108' title='bbox 1468 1703 1680 1797; x_wconf 89' lang='lat' dir='ltr'><strong>fugit,</strong></span> <span class='ocrx_word' id='word_1_109' title='bbox 1735 1702 2050 1774; x_wconf 89' lang='lat' dir='ltr'><strong>Scenicis</strong></span> <span class='ocrx_word' id='word_1_110' title='bbox 2101 1701 2443 1774; x_wconf 86' lang='lat' dir='ltr'><strong>nimirum</strong></span> 
     </span>
     <span class='ocr_line' id='line_1_17' title="bbox 337 1819 2446 1912; baseline 0 -24"><span class='ocrx_word' id='word_1_111' title='bbox 337 1819 792 1912; x_wconf 82' lang='lat' dir='ltr'><strong>scriptoribus</strong></span> <span class='ocrx_word' id='word_1_112' title='bbox 828 1822 1059 1891; x_wconf 89' lang='lat' dir='ltr'><strong>multa</strong></span> <span class='ocrx_word' id='word_1_113' title='bbox 1092 1820 1387 1891; x_wconf 90' lang='lat' dir='ltr'><strong>concedi</strong></span> <span class='ocrx_word' id='word_1_114' title='bbox 1420 1843 1713 1912; x_wconf 86' lang='lat' dir='ltr'><strong>aequum</strong></span> <span class='ocrx_word' id='word_1_115' title='bbox 1748 1843 1925 1905; x_wconf 90' lang='lat' dir='ltr'><strong>esse,</strong></span> <span class='ocrx_word' id='word_1_116' title='bbox 1960 1841 2126 1910; x_wconf 85' lang='lat' dir='ltr'><strong>quae</strong></span> <span class='ocrx_word' id='word_1_117' title='bbox 2161 1842 2204 1888; x_wconf 88' lang='lat' dir='ltr'><strong>a</strong></span> <span class='ocrx_word' id='word_1_118' title='bbox 2248 1819 2446 1889; x_wconf 89' lang='lat' dir='ltr'><strong>nuda</strong></span> 
     </span>
     <span class='ocr_line' id='line_1_18' title="bbox 340 1934 2447 2028; baseline 0.001 -24"><span class='ocrx_word' id='word_1_119' title='bbox 340 1935 640 2006; x_wconf 84' lang='lat' dir='ltr'><strong>veritate</strong></span> <span class='ocrx_word' id='word_1_120' title='bbox 674 1937 1201 2028; x_wconf 88' lang='lat' dir='ltr'><strong>quodammodo</strong></span> <span class='ocrx_word' id='word_1_121' title='bbox 1235 1938 1642 2007; x_wconf 87' lang='lat' dir='ltr'><strong>abhorrent.</strong></span> <span class='ocrx_word' id='word_1_122' title='bbox 1731 1935 1943 2005; x_wconf 88' lang='lat' dir='ltr'><strong>Licet</strong></span> <span class='ocrx_word' id='word_1_123' title='bbox 1980 1934 2088 2004; x_wconf 89' lang='lat' dir='ltr'><strong>his</strong></span> <span class='ocrx_word' id='word_1_124' title='bbox 2123 1948 2447 2006; x_wconf 83' lang='lat' dir='ltr'><strong>sermone</strong></span> 
     </span>
     <span class='ocr_line' id='line_1_19' title="bbox 347 2050 2445 2143; baseline -0 -23"><span class='ocrx_word' id='word_1_125' title='bbox 347 2050 478 2136; x_wconf 86' lang='lat' dir='ltr'><strong>uti,</strong></span> <span class='ocrx_word' id='word_1_126' title='bbox 509 2050 729 2121; x_wconf 84' lang='lat' dir='ltr'><strong>etiam</strong></span> <span class='ocrx_word' id='word_1_127' title='bbox 762 2050 838 2120; x_wconf 90' lang='lat' dir='ltr'><strong>in</strong></span> <span class='ocrx_word' id='word_1_128' title='bbox 875 2050 1261 2133; x_wconf 80' lang='lat' dir='ltr'><strong>comoediiS,</strong></span> <span class='ocrx_word' id='word_1_129' title='bbox 1295 2053 1388 2121; x_wconf 88' lang='lat' dir='ltr'><strong>ab</strong></span> <span class='ocrx_word' id='word_1_130' title='bbox 1424 2075 1556 2121; x_wconf 89' lang='lat' dir='ltr'><strong>usu</strong></span> <span class='ocrx_word' id='word_1_131' title='bbox 1590 2050 2011 2143; x_wconf 84' lang='lat' dir='ltr'><strong>quotidiano</strong></span> <span class='ocrx_word' id='word_1_132' title='bbox 2042 2051 2445 2122; x_wconf 82' lang='lat' dir='ltr'><strong>remotiore.</strong></span> 
     </span>
     <span class='ocr_line' id='line_1_20' title="bbox 343 2165 2450 2260; baseline 0 -23"><span class='ocrx_word' id='word_1_133' title='bbox 343 2165 578 2247; x_wconf 88' lang='lat' dir='ltr'><strong>Licet,</strong></span> <span class='ocrx_word' id='word_1_134' title='bbox 615 2166 866 2255; x_wconf 88' lang='lat' dir='ltr'><strong>(immo</strong></span> <span class='ocrx_word' id='word_1_135' title='bbox 913 2165 1122 2245; x_wconf 87' lang='lat' dir='ltr'><strong>aliter</strong></span> <span class='ocrx_word' id='word_1_136' title='bbox 1165 2166 1320 2237; x_wconf 88' lang='lat' dir='ltr'><strong>fieri</strong></span> <span class='ocrx_word' id='word_1_137' title='bbox 1362 2168 1572 2257; x_wconf 85' lang='lat' dir='ltr'><strong>plane</strong></span> <span class='ocrx_word' id='word_1_138' title='bbox 1614 2189 1756 2236; x_wconf 93' lang='lat' dir='ltr'><strong>non</strong></span> <span class='ocrx_word' id='word_1_139' title='bbox 1791 2166 1991 2260; x_wconf 88' lang='lat' dir='ltr'><strong>licet)</strong></span> <span class='ocrx_word' id='word_1_140' title='bbox 2025 2176 2107 2236; x_wconf 91' lang='lat' dir='ltr'><strong>ut</strong></span> <span class='ocrx_word' id='word_1_141' title='bbox 2141 2167 2450 2258; x_wconf 85' lang='lat' dir='ltr'><strong>plurima</strong></span> 
     </span>
     <span class='ocr_line' id='line_1_21' title="bbox 339 2280 2450 2373; baseline 0.002 -22"><span class='ocrx_word' id='word_1_142' title='bbox 339 2282 580 2373; x_wconf 89' lang='lat' dir='ltr'><strong>palam</strong></span> <span class='ocrx_word' id='word_1_143' title='bbox 632 2304 753 2352; x_wconf 89' lang='lat' dir='ltr'><strong>ore</strong></span> <span class='ocrx_word' id='word_1_144' title='bbox 803 2280 1259 2373; x_wconf 88' lang='lat' dir='ltr'><strong>proferantur</strong></span> <span class='ocrx_word' id='word_1_145' title='bbox 1308 2304 1473 2373; x_wconf 90' lang='lat' dir='ltr'><strong>quae</strong></span> <span class='ocrx_word' id='word_1_146' title='bbox 1516 2281 1589 2350; x_wconf 89' lang='lat' dir='ltr'><strong>in</strong></span> <span class='ocrx_word' id='word_1_147' title='bbox 1628 2281 1780 2351; x_wconf 88' lang='lat' dir='ltr'><strong>vita</strong></span> <span class='ocrx_word' id='word_1_148' title='bbox 1824 2293 1900 2351; x_wconf 90' lang='lat' dir='ltr'><strong>et</strong></span> <span class='ocrx_word' id='word_1_149' title='bbox 1938 2284 2450 2356; x_wconf 91' lang='lat' dir='ltr'><strong>consuetudine</strong></span> 
     </span>
     <span class='ocr_line' id='line_1_22' title="bbox 339 2396 2449 2489; baseline 0.002 -21"><span class='ocrx_word' id='word_1_150' title='bbox 339 2396 704 2468; x_wconf 92' lang='lat' dir='ltr'><strong>communi</strong></span> <span class='ocrx_word' id='word_1_151' title='bbox 739 2421 954 2468; x_wconf 90' lang='lat' dir='ltr'><strong>nemo</strong></span> <span class='ocrx_word' id='word_1_152' title='bbox 988 2420 1202 2468; x_wconf 88' lang='lat' dir='ltr'><strong>sanus</strong></span> <span class='ocrx_word' id='word_1_153' title='bbox 1236 2404 1483 2488; x_wconf 88' lang='lat' dir='ltr'><strong>aperte</strong></span> <span class='ocrx_word' id='word_1_154' title='bbox 1513 2396 1910 2489; x_wconf 89' lang='lat' dir='ltr'><strong>profitetur.</strong></span> <span class='ocrx_word' id='word_1_155' title='bbox 1985 2398 2170 2468; x_wconf 79' lang='lat' dir='ltr'><strong>Haec</strong></span> <span class='ocrx_word' id='word_1_156' title='bbox 2203 2410 2449 2472; x_wconf 84' lang='lat' dir='ltr'><strong>autem</strong></span> 
     </span>
     <span class='ocr_line' id='line_1_23' title="bbox 337 2512 2453 2604; baseline 0.002 -22"><span class='ocrx_word' id='word_1_157' title='bbox 337 2513 417 2583; x_wconf 90' lang='lat' dir='ltr'><strong>in</strong></span> <span class='ocrx_word' id='word_1_158' title='bbox 451 2535 665 2584; x_wconf 89' lang='lat' dir='ltr'><strong>scena</strong></span> <span class='ocrx_word' id='word_1_159' title='bbox 696 2536 841 2583; x_wconf 90' lang='lat' dir='ltr'><strong>non</strong></span> <span class='ocrx_word' id='word_1_160' title='bbox 880 2512 1094 2583; x_wconf 94' lang='lat' dir='ltr'><strong>modo</strong></span> <span class='ocrx_word' id='word_1_161' title='bbox 1127 2522 1372 2604; x_wconf 85' lang='lat' dir='ltr'><strong>aperte</strong></span> <span class='ocrx_word' id='word_1_162' title='bbox 1407 2512 1532 2582; x_wconf 90' lang='lat' dir='ltr'><strong>sed</strong></span> <span class='ocrx_word' id='word_1_163' title='bbox 1566 2521 1641 2583; x_wconf 89' lang='lat' dir='ltr'><strong>et</strong></span> <span class='ocrx_word' id='word_1_164' title='bbox 1666 2535 1709 2583; x_wconf 88' lang='lat' dir='ltr'><strong>a</strong></span> <span class='ocrx_word' id='word_1_165' title='bbox 1734 2514 1901 2583; x_wconf 90' lang='lat' dir='ltr'><strong>solis</strong></span> <span class='ocrx_word' id='word_1_166' title='bbox 1934 2523 2008 2585; x_wconf 89' lang='lat' dir='ltr'><strong>et</strong></span> <span class='ocrx_word' id='word_1_167' title='bbox 2034 2514 2301 2603; x_wconf 79' lang='lat' dir='ltr'><strong>otiosiS,</strong></span> <span class='ocrx_word' id='word_1_168' title='bbox 2326 2516 2453 2586; x_wconf 87' lang='lat' dir='ltr'><strong>ad-</strong></span> 
     </span>
     <span class='ocr_line' id='line_1_24' title="bbox 340 2627 2452 2715; baseline 0.002 -16"><span class='ocrx_word' id='word_1_169' title='bbox 340 2639 602 2715; x_wconf 86' lang='lat' dir='ltr'><strong>stante,</strong></span> <span class='ocrx_word' id='word_1_170' title='bbox 639 2628 999 2711; x_wconf 88' lang='lat' dir='ltr'><strong>audiente,</strong></span> <span class='ocrx_word' id='word_1_171' title='bbox 1036 2638 1334 2699; x_wconf 84' lang='lat' dir='ltr'><strong>curante</strong></span> <span class='ocrx_word' id='word_1_172' title='bbox 1381 2627 1690 2710; x_wconf 90' lang='lat' dir='ltr'><strong>nemine,</strong></span> <span class='ocrx_word' id='word_1_173' title='bbox 1736 2628 2081 2700; x_wconf 88' lang='lat' dir='ltr'><strong>continua</strong></span> <span class='ocrx_word' id='word_1_174' title='bbox 2132 2631 2452 2703; x_wconf 89' lang='lat' dir='ltr'><strong>oratione</strong></span> 
     </span>
     <span class='ocr_line' id='line_1_25' title="bbox 339 2742 2453 2838; baseline 0.002 -23"><span class='ocrx_word' id='word_1_175' title='bbox 339 2743 790 2838; x_wconf 88' lang='lat' dir='ltr'><strong>pronuntiari</strong></span> <span class='ocrx_word' id='word_1_176' title='bbox 873 2742 1209 2837; x_wconf 88' lang='lat' dir='ltr'><strong>patimur.</strong></span> <span class='ocrx_word' id='word_1_177' title='bbox 1326 2743 1663 2837; x_wconf 84' lang='lat' dir='ltr'><strong>Namque</strong></span> <span class='ocrx_word' id='word_1_178' title='bbox 1730 2754 1817 2816; x_wconf 88' lang='lat' dir='ltr'><strong>ut</strong></span> <span class='ocrx_word' id='word_1_179' title='bbox 1884 2745 2171 2817; x_wconf 89' lang='lat' dir='ltr'><strong>mittam</strong></span> <span class='ocrx_word' id='word_1_180' title='bbox 2237 2770 2453 2836; x_wconf 89' lang='lat' dir='ltr'><strong>nunc,</strong></span> 
     </span>
     <span class='ocr_line' id='line_1_26' title="bbox 339 2860 2454 2955; baseline 0.002 -24"><span class='ocrx_word' id='word_1_181' title='bbox 339 2861 536 2955; x_wconf 91' lang='lat' dir='ltr'><strong>quod</strong></span> <span class='ocrx_word' id='word_1_182' title='bbox 567 2884 720 2930; x_wconf 90' lang='lat' dir='ltr'><strong>rem</strong></span> <span class='ocrx_word' id='word_1_183' title='bbox 753 2872 1032 2954; x_wconf 84' lang='lat' dir='ltr'><strong>gestam</strong></span> <span class='ocrx_word' id='word_1_184' title='bbox 1067 2860 1454 2953; x_wconf 83' lang='lat' dir='ltr'><strong>aliquando</strong></span> <span class='ocrx_word' id='word_1_185' title='bbox 1501 2860 1949 2932; x_wconf 82' lang='lat' dir='ltr'><strong>auditoribus</strong></span> <span class='ocrx_word' id='word_1_186' title='bbox 1995 2862 2097 2932; x_wconf 91' lang='lat' dir='ltr'><strong>sic</strong></span> <span class='ocrx_word' id='word_1_187' title='bbox 2140 2862 2454 2955; x_wconf 82' lang='lat' dir='ltr'><strong>declaret</strong></span> 
     </span>
     <span class='ocr_line' id='line_1_27' title="bbox 341 2975 2453 3069; baseline 0.001 -22"><span class='ocrx_word' id='word_1_188' title='bbox 341 2977 669 3068; x_wconf 89' lang='lat' dir='ltr'><strong>scriptor,</strong></span> <span class='ocrx_word' id='word_1_189' title='bbox 708 2976 954 3068; x_wconf 90' lang='lat' dir='ltr'><strong>(quod,</strong></span> <span class='ocrx_word' id='word_1_190' title='bbox 988 2987 1072 3046; x_wconf 85' lang='lat' dir='ltr'><strong>ut</strong></span> <span class='ocrx_word' id='word_1_191' title='bbox 1105 2999 1357 3047; x_wconf 85' lang='lat' dir='ltr'><strong>verum</strong></span> <span class='ocrx_word' id='word_1_192' title='bbox 1397 2975 1648 3062; x_wconf 87' lang='lat' dir='ltr'><strong>fatear,</strong></span> <span class='ocrx_word' id='word_1_193' title='bbox 1683 2976 1861 3047; x_wconf 92' lang='lat' dir='ltr'><strong>mihi</strong></span> <span class='ocrx_word' id='word_1_194' title='bbox 1908 3000 2187 3069; x_wconf 86' lang='lat' dir='ltr'><strong>semper</strong></span> <span class='ocrx_word' id='word_1_195' title='bbox 2219 2978 2453 3049; x_wconf 86' lang='lat' dir='ltr'><strong>visum</strong></span> 
     </span>
     <span class='ocr_line' id='line_1_28' title="bbox 340 3091 2453 3187; baseline -0 -23"><span class='ocrx_word' id='word_1_196' title='bbox 340 3102 456 3164; x_wconf 91' lang='lat' dir='ltr'><strong>est</strong></span> <span class='ocrx_word' id='word_1_197' title='bbox 491 3091 770 3183; x_wconf 88' lang='lat' dir='ltr'><strong>durius)</strong></span> <span class='ocrx_word' id='word_1_198' title='bbox 809 3100 886 3162; x_wconf 89' lang='lat' dir='ltr'><strong>at</strong></span> <span class='ocrx_word' id='word_1_199' title='bbox 919 3094 1122 3186; x_wconf 90' lang='lat' dir='ltr'><strong>cujus</strong></span> <span class='ocrx_word' id='word_1_200' title='bbox 1169 3114 1486 3184; x_wconf 90' lang='lat' dir='ltr'><strong>unquam</strong></span> <span class='ocrx_word' id='word_1_201' title='bbox 1534 3092 1713 3163; x_wconf 89' lang='lat' dir='ltr'><strong>adeo</strong></span> <span class='ocrx_word' id='word_1_202' title='bbox 1757 3092 2111 3187; x_wconf 85' lang='lat' dir='ltr'><strong>religiosae</strong></span> <span class='ocrx_word' id='word_1_203' title='bbox 2160 3094 2453 3164; x_wconf 86' lang='lat' dir='ltr'><strong>fuerunt</strong></span> 
     </span>
     <span class='ocr_line' id='line_1_29' title="bbox 341 3206 2455 3299; baseline 0 -22"><span class='ocrx_word' id='word_1_204' title='bbox 341 3229 579 3289; x_wconf 88' lang='lat' dir='ltr'><strong>aures,</strong></span> <span class='ocrx_word' id='word_1_205' title='bbox 625 3216 711 3276; x_wconf 88' lang='lat' dir='ltr'><strong>ut</strong></span> <span class='ocrx_word' id='word_1_206' title='bbox 761 3207 985 3278; x_wconf 85' lang='lat' dir='ltr'><strong>nollet</strong></span> <span class='ocrx_word' id='word_1_207' title='bbox 1033 3228 1409 3298; x_wconf 89' lang='lat' dir='ltr'><strong>personam</strong></span> <span class='ocrx_word' id='word_1_208' title='bbox 1469 3230 1599 3278; x_wconf 87' lang='lat' dir='ltr'><strong>sua</strong></span> <span class='ocrx_word' id='word_1_209' title='bbox 1649 3206 1964 3290; x_wconf 89' lang='lat' dir='ltr'><strong>consilia,</strong></span> <span class='ocrx_word' id='word_1_210' title='bbox 2010 3231 2191 3299; x_wconf 88' lang='lat' dir='ltr'><strong>spes,</strong></span> <span class='ocrx_word' id='word_1_211' title='bbox 2225 3230 2455 3290; x_wconf 85' lang='lat' dir='ltr'><strong>curas,</strong></span> 
     </span>
     <span class='ocr_line' id='line_1_30' title="bbox 342 3320 2456 3415; baseline 0 -22"><span class='ocrx_word' id='word_1_212' title='bbox 342 3321 536 3407; x_wconf 88' lang='lat' dir='ltr'><strong>odia,</strong></span> <span class='ocrx_word' id='word_1_213' title='bbox 570 3320 996 3404; x_wconf 84' lang='lat' dir='ltr'><strong>simultates,</strong></span> <span class='ocrx_word' id='word_1_214' title='bbox 1028 3345 1194 3414; x_wconf 86' lang='lat' dir='ltr'><strong>quae</strong></span> <span class='ocrx_word' id='word_1_215' title='bbox 1238 3322 1482 3393; x_wconf 87' lang='lat' dir='ltr'><strong>omnia</strong></span> <span class='ocrx_word' id='word_1_216' title='bbox 1525 3322 1732 3393; x_wconf 89' lang='lat' dir='ltr'><strong>taciti</strong></span> <span class='ocrx_word' id='word_1_217' title='bbox 1783 3332 1858 3393; x_wconf 89' lang='lat' dir='ltr'><strong>et</strong></span> <span class='ocrx_word' id='word_1_218' title='bbox 1904 3322 2132 3415; x_wconf 90' lang='lat' dir='ltr'><strong>quieti</strong></span> <span class='ocrx_word' id='word_1_219' title='bbox 2181 3322 2258 3393; x_wconf 90' lang='lat' dir='ltr'><strong>in</strong></span> <span class='ocrx_word' id='word_1_220' title='bbox 2304 3322 2456 3394; x_wconf 85' lang='lat' dir='ltr'><strong>vita</strong></span> 
     </span>
     <span class='ocr_line' id='line_1_31' title="bbox 344 3437 2453 3524; baseline 0.001 -16"><span class='ocrx_word' id='word_1_221' title='bbox 344 3437 806 3519; x_wconf 85' lang='lat' dir='ltr'><strong>meditamur,</strong></span> <span class='ocrx_word' id='word_1_222' title='bbox 841 3438 1053 3509; x_wconf 91' lang='lat' dir='ltr'><strong>modo</strong></span> <span class='ocrx_word' id='word_1_223' title='bbox 1103 3438 1365 3509; x_wconf 83' lang='lat' dir='ltr'><strong>fabulae</strong></span> <span class='ocrx_word' id='word_1_224' title='bbox 1416 3438 1520 3509; x_wconf 86' lang='lat' dir='ltr'><strong>ita</strong></span> <span class='ocrx_word' id='word_1_225' title='bbox 1565 3439 1786 3509; x_wconf 86' lang='lat' dir='ltr'><strong>ferret</strong></span> <span class='ocrx_word' id='word_1_226' title='bbox 1825 3437 2032 3524; x_wconf 88' lang='lat' dir='ltr'><strong>ratio,</strong></span> <span class='ocrx_word' id='word_1_227' title='bbox 2066 3460 2161 3509; x_wconf 84' lang='lat' dir='ltr'><strong>ex</strong></span> <span class='ocrx_word' id='word_1_228' title='bbox 2206 3439 2453 3511; x_wconf 88' lang='lat' dir='ltr'><strong>ordine</strong></span> 
     </span>
     <span class='ocr_line' id='line_1_32' title="bbox 344 3552 1683 3645; baseline -0.001 -21"><span class='ocrx_word' id='word_1_229' title='bbox 344 3564 598 3645; x_wconf 89' lang='lat' dir='ltr'><strong>aperta</strong></span> <span class='ocrx_word' id='word_1_230' title='bbox 632 3562 709 3623; x_wconf 87' lang='lat' dir='ltr'><strong>et</strong></span> <span class='ocrx_word' id='word_1_231' title='bbox 742 3554 932 3623; x_wconf 88' lang='lat' dir='ltr'><strong>clara</strong></span> <span class='ocrx_word' id='word_1_232' title='bbox 964 3577 1136 3625; x_wconf 91' lang='lat' dir='ltr'><strong>voce</strong></span> <span class='ocrx_word' id='word_1_233' title='bbox 1168 3552 1627 3645; x_wconf 88' lang='lat' dir='ltr'><strong>interpretari</strong></span> <span class='ocrx_word' id='word_1_234' title='bbox 1647 3554 1683 3623; x_wconf 83' lang='lat'><strong>?</strong></span> 
     </span>
    </p>

    <p class='ocr_par' dir='ltr' id='par_1_6' title="bbox 347 3669 2457 4113">
     <span class='ocr_line' id='line_1_33' title="bbox 451 3669 2456 3763; baseline 0.001 -25"><span class='ocrx_word' id='word_1_235' title='bbox 451 3670 737 3762; x_wconf 85' lang='lat' dir='ltr'><strong>Quippe</strong></span> <span class='ocrx_word' id='word_1_236' title='bbox 787 3670 1172 3763; x_wconf 87' lang='lat' dir='ltr'><strong>unicuique</strong></span> <span class='ocrx_word' id='word_1_237' title='bbox 1223 3670 1365 3741; x_wconf 86' lang='lat' dir='ltr'><strong>arti</strong></span> <span class='ocrx_word' id='word_1_238' title='bbox 1415 3669 1560 3740; x_wconf 88' lang='lat' dir='ltr'><strong>suis</strong></span> <span class='ocrx_word' id='word_1_239' title='bbox 1610 3693 1789 3762; x_wconf 90' lang='lat' dir='ltr'><strong>opus</strong></span> <span class='ocrx_word' id='word_1_240' title='bbox 1838 3680 1947 3742; x_wconf 90' lang='lat' dir='ltr'><strong>est</strong></span> <span class='ocrx_word' id='word_1_241' title='bbox 1993 3669 2279 3742; x_wconf 84' lang='lat' dir='ltr'><strong>auxiliis</strong></span> <span class='ocrx_word' id='word_1_242' title='bbox 2328 3670 2456 3741; x_wconf 89' lang='lat' dir='ltr'><strong>ali-</strong></span> 
     </span>
     <span class='ocr_line' id='line_1_34' title="bbox 347 3785 2455 3880; baseline -0 -23"><span class='ocrx_word' id='word_1_243' title='bbox 347 3786 546 3857; x_wconf 90' lang='lat' dir='ltr'><strong>unde</strong></span> <span class='ocrx_word' id='word_1_244' title='bbox 596 3785 1031 3880; x_wconf 80' lang='lat' dir='ltr'><strong>conquisitiS,</strong></span> <span class='ocrx_word' id='word_1_245' title='bbox 1065 3808 1234 3879; x_wconf 83' lang='lat' dir='ltr'><strong>quae</strong></span> <span class='ocrx_word' id='word_1_246' title='bbox 1279 3786 1337 3855; x_wconf 91' lang='lat' dir='ltr'><strong>si</strong></span> <span class='ocrx_word' id='word_1_247' title='bbox 1385 3785 1823 3868; x_wconf 88' lang='lat' dir='ltr'><strong>auferantur,</strong></span> <span class='ocrx_word' id='word_1_248' title='bbox 1858 3787 2109 3880; x_wconf 90' lang='lat' dir='ltr'><strong>nequit</strong></span> <span class='ocrx_word' id='word_1_249' title='bbox 2142 3809 2255 3858; x_wconf 88' lang='lat' dir='ltr'><strong>ars</strong></span> <span class='ocrx_word' id='word_1_250' title='bbox 2300 3786 2455 3879; x_wconf 89' lang='lat' dir='ltr'><strong>ipsa</strong></span> 
     </span>
     <span class='ocr_line' id='line_1_35' title="bbox 349 3901 2457 3995; baseline -0.002 -22"><span class='ocrx_word' id='word_1_251' title='bbox 349 3913 566 3983; x_wconf 87' lang='lat' dir='ltr'><strong>stare,</strong></span> <span class='ocrx_word' id='word_1_252' title='bbox 600 3911 730 3973; x_wconf 87' lang='lat' dir='ltr'><strong>aut</strong></span> <span class='ocrx_word' id='word_1_253' title='bbox 764 3911 903 3973; x_wconf 86' lang='lat' dir='ltr'><strong>stet</strong></span> <span class='ocrx_word' id='word_1_254' title='bbox 938 3925 1226 3975; x_wconf 85' lang='lat' dir='ltr'><strong>necesse</strong></span> <span class='ocrx_word' id='word_1_255' title='bbox 1273 3911 1384 3975; x_wconf 87' lang='lat' dir='ltr'><strong>est</strong></span> <span class='ocrx_word' id='word_1_256' title='bbox 1418 3901 1668 3974; x_wconf 84' lang='lat' dir='ltr'><strong>debilis</strong></span> <span class='ocrx_word' id='word_1_257' title='bbox 1714 3911 1789 3973; x_wconf 88' lang='lat' dir='ltr'><strong>et</strong></span> <span class='ocrx_word' id='word_1_258' title='bbox 1822 3901 2279 3995; x_wconf 83' lang='lat' dir='ltr'><strong>imperfecta:</strong></span> <span class='ocrx_word' id='word_1_259' title='bbox 2332 3923 2457 3970; x_wconf 89' lang='lat' dir='ltr'><strong>ne-</strong></span> 
     </span>
     <span class='ocr_line' id='line_1_36' title="bbox 348 4015 2453 4113; baseline -0.002 -26"><span class='ocrx_word' id='word_1_260' title='bbox 348 4040 492 4110; x_wconf 89' lang='lat' dir='ltr'><strong>que</strong></span> <span class='ocrx_word' id='word_1_261' title='bbox 543 4015 736 4088; x_wconf 90' lang='lat' dir='ltr'><strong>enim</strong></span> <span class='ocrx_word' id='word_1_262' title='bbox 790 4018 948 4089; x_wconf 88' lang='lat' dir='ltr'><strong>baec</strong></span> <span class='ocrx_word' id='word_1_263' title='bbox 980 4019 1210 4112; x_wconf 85' lang='lat' dir='ltr'><strong>magis</strong></span> <span class='ocrx_word' id='word_1_264' title='bbox 1259 4017 1399 4088; x_wconf 87' lang='lat' dir='ltr'><strong>illis</strong></span> <span class='ocrx_word' id='word_1_265' title='bbox 1449 4018 1783 4113; x_wconf 86' lang='lat' dir='ltr'><strong>neganda</strong></span> <span class='ocrx_word' id='word_1_266' title='bbox 1830 4028 1940 4089; x_wconf 88' lang='lat' dir='ltr'><strong>est</strong></span> <span class='ocrx_word' id='word_1_267' title='bbox 1974 4018 2205 4101; x_wconf 86' lang='lat' dir='ltr'><strong>venia,</strong></span> <span class='ocrx_word' id='word_1_268' title='bbox 2238 4035 2453 4108; x_wconf 92' lang='lat' dir='ltr'><strong>quam</strong></span> 
     </span>
    </p>
   </div>
   <div class='ocr_carea' id='block_1_5' title="bbox 102 4982 2594 5572">
    <p class='ocr_par' dir='ltr' id='par_1_7' title="bbox 102 4982 2594 5572">
     <span class='ocr_line' id='line_1_37' title="bbox 102 4982 2594 5572; baseline 0 3"><span class='ocrx_word' id='word_1_269' title='bbox 102 4982 2594 5572; x_wconf 95' lang='lat' dir='ltr'><strong> </strong></span> 
     </span>
    </p>
   </div>
   <div class='ocr_carea' id='block_1_6' title="bbox 3447 0 3452 525">
    <p class='ocr_par' dir='ltr' id='par_1_8' title="bbox 3447 0 3452 525">
     <span class='ocr_line' id='line_1_38' title="bbox 3447 0 3452 525; baseline 0 0"><span class='ocrx_word' id='word_1_270' title='bbox 3447 0 3452 525; x_wconf 95' lang='lat' dir='ltr'><strong> </strong></span> 
     </span>
    </p>
   </div>
  </div>
 </body>
</html>
