3559 5575
339 88 626 158 -an,.
652 90 916 158 XXXI.
993 96 1237 160 PARS
1268 95 1649 161 TERTIA
1680 97 1813 162 DE
1844 95 2202 163 PHANT.
2371 99 2509 169 397

346 283 526 337 aut
558 266 899 338 librorum
932 268 1240 340 lectione
1272 268 1553 340 imbuta
1586 292 1790 341 mens
1829 270 2073 355 fuerit,
2107 293 2229 342 eos
2278 271 2510 342 maxi-

347 405 515 452 me
547 381 623 452 in
658 383 1207 454 admirationem
1233 393 1309 455 et
1336 384 1541 478 quasi
1574 395 1939 477 stuporem
1974 385 2322 478 proclives
2355 411 2509 459 esse

346 508 697 570 constat.
798 499 1012 571 Nova
1062 510 1139 572 et
1188 500 1517 572 inaudita
1567 511 1938 573 sectantur
1989 500 2241 595 magis,
2285 524 2505 594 quam

348 616 691 706 pulchra
749 625 825 687 et
874 616 1280 710 elegantia:
1341 639 1509 709 quae
1565 615 1935 694 nimirum,
1987 615 2201 688 modo
2259 639 2505 690 sensus

342 731 769 823 impellant
800 731 1105 815 fortiter,
1145 732 1330 803 nihil
1374 733 1585 824 plane
1636 742 2010 803 morantur
2058 742 2145 802 ut
2186 731 2504 805 fabulam

343 846 721 928 deceant,
774 856 849 918 et
907 870 1073 918 cum
1133 847 1413 918 caeteris
1465 857 1881 939 poematum
1941 848 2264 939 partibus
2321 848 2504 922 bene

341 961 851 1034 conveniant.

496 1079 663 1149 Hoc
712 1087 957 1148 autem
1008 1077 1495 1172 prodigiorum
1547 1101 1774 1172 genus
1824 1077 2082 1150 inculti
2130 1079 2501 1151 barbarive

346 1193 633 1287 potius
699 1192 944 1285 populi
1009 1216 1164 1263 esse
1223 1192 1591 1285 proprium
1649 1195 1767 1264 vel
1824 1192 1996 1263 inde
2052 1192 2502 1288 intelligitur,

345 1310 584 1404 quod
667 1307 899 1380 omnis
965 1303 1372 1378 mediorum
1439 1331 1605 1403 quae
1673 1318 2022 1379 vocantur
2102 1311 2501 1382 seculorum

346 1426 619 1520 poesis
668 1425 895 1495 ferme
943 1424 1018 1494 in
1069 1425 1206 1494 hoc
1249 1447 1396 1495 uno
1431 1422 1758 1495 vertitur.
1864 1422 2073 1494 Vasti
2119 1447 2203 1494 ac
2237 1425 2503 1498 deserti

343 1553 745 1614 terrarum
780 1551 1073 1622 tractus,
1109 1548 1237 1610 aut
1270 1562 1421 1631 prae
1455 1538 1840 1610 solitudine
1875 1537 2186 1625 silenteS,
2213 1551 2341 1613 aut
2365 1542 2500 1612 ima·

347 1657 718 1729 manibus
770 1656 937 1728 feris
987 1655 1809 1748 habitati—serpentum
1860 1677 2088 1748 genus
2140 1654 2500 1729 alitum—-

348 1773 737 1869 Gigantes
787 1783 863 1843 et
903 1770 1170 1841 viribus
1222 1781 1300 1841 et
1349 1769 1575 1842 atroci
1622 1769 1913 1864 ingenio
1961 1769 2499 1842 formidandi—-

346 1899 544 1960 tum
598 1887 935 1958 veneficae
995 1886 1297 1979 alicujus
1356 1885 1657 1956 artificio
1712 1885 1980 1976 palatia
2029 1896 2158 1956 aut
2207 1889 2499 1958 castella

347 2003 623 2074 subito
691 2011 1082 2084 exstructa,
1140 2010 1217 2071 et
1267 2023 1513 2070 rursus
1579 2000 1654 2069 in
1715 2009 1969 2071 tenues
2026 2024 2235 2070 auras
2301 2000 2497 2073 dicto

342 2118 597 2191 citius
633 2117 1233 2190 abeuntia—haec
1264 2116 1489 2188 ferme
1524 2127 1716 2200 sunt,
1753 2140 1795 2188 e
1828 2117 2084 2209 quibus
2117 2116 2324 2189 istius
2358 2120 2495 2189 aevi

345 2242 718 2329 poemata
766 2257 911 2304 non
962 2233 1201 2305 ornari
1261 2233 1495 2318 modo,
1546 2233 1675 2303 sed
1722 2232 2057 2324 componi
2104 2232 2370 2303 rectius
2421 2245 2496 2304 et

351 2355 596 2446 plane
631 2358 957 2421 constare
992 2349 1207 2420 dicas.
1311 2349 1522 2430 Quod
1571 2371 1783 2440 porro
1815 2348 2006 2419 idem
2041 2348 2116 2418 in
2154 2347 2493 2419 Asiaticis

348 2469 524 2540 fere
581 2465 910 2536 omnibus
961 2464 1438 2536 animadverti
1486 2463 1696 2546 licet;
1748 2487 2052 2556 quorum
2105 2473 2190 2535 ut
2234 2463 2308 2534 in
2357 2487 2495 2534 cae-

352 2583 549 2655 teris
585 2582 858 2653 artibus
894 2591 969 2652 et
995 2580 1066 2651 in
1106 2579 1334 2652 civilis
1360 2581 1533 2651 vitae
1568 2579 2014 2663 commercio,
2039 2577 2144 2651 ita
2177 2579 2251 2650 in
2282 2580 2493 2651 Poesi

352 2698 801 2794 praesertim,
852 2693 1285 2794 ἀπειροκαλίαν
1349 2696 1734 2791 quandam,
1787 2706 1863 2768 et
1914 2696 2219 2766 nimium
2273 2697 2491 2767 luxus

356 2824 816 2908 ornatusque
849 2814 1261 2908 cupidinem
1297 2813 1572 2885 doctior
1606 2814 1908 2907 quisque
1947 2813 2184 2907 judex
2226 2811 2493 2904 impro-

354 2932 547 3002 bare
583 2930 786 3000 solet.

470 3047 585 3117 Et
619 3044 939 3136 profecto
974 3044 1084 3115 his
1119 3044 1380 3116 nostris
1414 3044 1856 3136 temporibus
1891 3042 1965 3113 id
2006 3043 2236 3114 solum
2280 3063 2492 3135 agere

360 3160 704 3234 nonnulli
762 3159 1099 3231 videntur
1158 3160 1558 3251 scriptores,
1617 3175 1700 3229 ut
1751 3159 2010 3229 omissa
2065 3169 2344 3228 naturae
2406 3180 2490 3226 ac

360 3276 700 3349 veritatis
752 3275 1052 3356 ratione,
1086 3285 1278 3346 tetra
1329 3273 1572 3345 omnia
1617 3284 1692 3346 et
1725 3273 2081 3345 horrenda
2127 3282 2488 3363 strepant3

363 3391 717 3487 quicquid
771 3390 1142 3462 insolitum
1197 3402 1410 3461 antea
1456 3399 1531 3461 et
1564 3387 1974 3460 inauditum
2015 3387 2255 3471 fuerit,
2290 3387 2486 3481 quic-

364 3508 544 3602 quid
611 3516 740 3577 aut
801 3505 1119 3578 terribile
1176 3505 1332 3575 visu
1395 3515 1524 3575 aut
1576 3515 1924 3596 conceptu
1981 3504 2487 3600 prodigiosum,

364 3622 520 3694 sine
580 3643 776 3692 more
827 3620 1249 3692 effundant:
1304 3630 1387 3691 ut
1433 3643 1597 3713 quae
1645 3618 1719 3689 in
1755 3617 2270 3692 Atheniensem
2317 3621 2488 3691 olim

365 3740 664 3810 turbam
700 3735 1023 3807 convicia
1063 3746 1306 3807 orator
1349 3734 1932 3830 indignabundus
1978 3734 2303 3807 intulisse
2350 3734 2490 3804 fer-

363 3863 509 3938 tur,
543 3851 667 3923 his
707 3852 978 3945 optime
1020 3852 1778 3925 conveniant—Acmon
1828 3847 1992 3929 ὄντες
2039 3857 2150 3920 τῶν
2199 3843 2295 3918 ἀεὶ
2345 3843 2492 3917 ἀτί-

367 3998 507 4054 πων,
581 3964 907 4063 ὑπερόπται
978 3964 1043 4037 δὲ
1110 3975 1223 4038 τῶν
1289 3962 1585 4039 εἰωθότων·
1664 3971 1977 4053 ζητοῦντες
2043 3993 2109 4033 τε
2177 3960 2335 4033 ἄλλο
2404 3993 2488 4044 τι,
