3559 5575
455 105 521 178 29ss
795 101 917 168 PARS
940 99 1165 166 SECUNDA
1229 99 1345 169 Pana.
1361 97 1517 167 XXIII.

455 302 566 362 more,
583 275 682 372 qumi
701 275 739 348 iu
756 272 876 348 schola
894 274 1160 348 declamaturus
1175 271 1415 365 questionem
1437 295 1518 346 mo-

455 394 519 477 vit,
538 393 601 464 sed
617 391 699 464 Nisi
715 413 799 462 cum
817 389 979 481 Euryalo
997 387 1225 482 colloquium,
1237 409 1412 480 perquam
1422 388 1517 460 illud

454 509 503 580 ad
518 529 594 580 rem
612 506 935 592 accommodatum,
950 505 1084 578 exinde
1100 503 1212 576 ordiri
1227 502 1325 577 fecit.

715 635 800 700 Dine
814 635 900 699 hunc
914 633 1060 699 ardorem
1072 632 1233 698 mentibus
1245 631 1381 712 addunt,

540 737 704 826 Euryale?
727 761 768 804 an
783 761 841 804 aua
854 736 970 824 cuique
985 738 1077 802 Deua
1090 737 1129 800 fit
1141 735 1213 801 dira
1225 734 1366 822 cupido?

541 843 609 908 Aut
622 863 775 929 pugnam,
786 853 844 906 aut
857 837 978 926 aliquid
987 836 1180 928 jamdudum
1196 837 1346 902 invadere
1360 858 1513 923 magnum

540 945 638 1008 Mens
651 941 751 1032 agitat
764 942 860 1016 mihi;
884 963 942 1007 nec
956 939 1082 1030 placida
1096 952 1243 1004 contenta
1255 938 1362 1026 quiete
1377 952 1433 1002 est.

734 1051 738 1066 ¹
1225 1042 1303 1105 AEN.
1319 1041 1466 1104 lx.184.

453 1168 684 1242 Scenicorum
700 1189 785 1238 vero
803 1163 1039 1257 utplurimum
1055 1173 1110 1234 est
1123 1163 1188 1233 has
1205 1173 1325 1255 partes
1342 1186 1460 1257 agere,
1471 1175 1513 1235 et

453 1279 782 1378 philosophantium
806 1278 880 1350 ritu
906 1277 1088 1349 interdum
1116 1277 1311 1350 sententias
1341 1277 1511 1370 proferre,

453 1399 582 1494 quibus
600 1396 734 1468 scilicet
752 1419 772 1464 a
790 1415 911 1464 rerum
928 1415 1034 1463 cursu
1054 1415 1188 1462 novum
1209 1391 1390 1488 quoddam
1411 1416 1513 1465 acoe-

453 1511 508 1584 dit
524 1514 657 1592 lumen,
675 1519 739 1580 aut
756 1507 950 1578 auctoritas
967 1509 1093 1602 major.

497 1639 603 1708 Facile
626 1660 734 1706 omnes
758 1659 859 1726 quum
885 1636 1025 1704 valemus
1048 1650 1135 1702 recta
1157 1635 1286 1702 consilia
1308 1636 1434 1724 aegrotis
1454 1636 1513 1702 da-

497 1845 554 1908 Tu
569 1842 594 1907 si
609 1762 727 1920 hliiussid,
743 1841 834 1908 aliter
848 1839 974 1908 sentias.
1212 1842 1306 1904 Anu.
1325 1840 1418 1918 11.1,
1434 1843 1464 1909 9.

843 1959 887 2022 Di
902 1972 1039 2022 vostram
1053 1957 1169 2024 fidem!

497 2063 550 2127 Ita
563 2075 775 2150 comparatam
790 2085 855 2125 esse
869 2060 1035 2125 hominum
1050 2074 1197 2125 naturam
1211 2060 1364 2139 omnium,

497 2165 613 2231 Aliena
628 2181 665 2229 ut
679 2164 791 2229 melius
805 2163 933 2228 videant
947 2177 979 2226 et
993 2161 1179 2249 dijudicent,

497 2270 600 2346 Quam
617 2271 697 2331 sua?
720 2289 760 2330 an
776 2289 814 2330 eo
828 2265 876 2344 fit,
891 2264 969 2351 quia
981 2265 1014 2327 in
1028 2288 1064 2328 re
1077 2277 1195 2342 nostra,
1209 2278 1267 2328 aut
1279 2264 1399 2351 gaudio

498 2371 615 2434 Sumus
629 2367 796 2454 praepediti
811 2367 918 2446 nimio,
934 2381 991 2431 aut
1005 2366 1215 2452 agritudine?

496 2469 561 2536 Hic
576 2468 654 2537 mihi
668 2481 789 2555 quanto
803 2491 888 2538 nunc
902 2468 976 2556 plus
990 2467 1083 2555 sapit,
1098 2491 1196 2555 quam
1210 2482 1336 2557 egomet
1345 2469 1444 2536 mihil

898 2654 903 2666 Ι
1116 2573 1260 2639 Heaur.
1276 2573 1395 2650 111.1,
1410 2571 1464 2643 96.

454 2691 546 2764 llaec
576 2691 720 2784 quando
749 2713 796 2764 ex
823 2691 1031 2764 Menedemi
1060 2715 1121 2766 ore
1146 2691 1387 2784 proferuntur,
1411 2703 1509 2789 post·

452 2830 561 2901 quam
591 2808 820 2885 Chremetem
847 2807 884 2877 in
914 2832 1020 2883 scena
1046 2808 1202 2881 vidimus
1228 2808 1426 2883 vicinorum
1450 2833 1508 2883 res

451 2924 616 3020 gnaviter
639 2934 818 3019 agentem,
836 2946 980 2997 suarum
1001 2923 1140 2997 interea
1157 2924 1308 2997 oblitum
1325 2935 1390 2996 aut
1406 2924 1510 3019 igna-

452 3063 545 3122 rum,
564 3064 634 3114 non
661 3041 768 3115 modo
787 3050 829 3111 ut
846 3062 1008 3131 personae
1031 3039 1281 3114 convenientia
1303 3042 1508 3132 prohamm,

453 3157 516 3226 sed
532 3166 570 3227 et
587 3179 671 3227 vera
687 3179 762 3227 esse
780 3156 936 3226 fatemur
951 3154 1134 3241 libentius,
1150 3165 1187 3228 et
1205 3166 1389 3249 comperta
1404 3157 1509 3251 quasi

454 3270 605 3342 veritate
622 3272 853 3347 delectamur.

481 3445 483 3452 .
503 3385 527 3455 J
529 3408 587 3455 am
601 3408 697 3472 vero,
715 3409 822 3479 quam
839 3383 1006 3477 imperite
1023 3384 1216 3477 aliquando
1231 3386 1428 3459 sententias
1445 3387 1510 3457 ad-

453 3499 575 3570 hibeat
596 3500 788 3592 Euripides
813 3500 992 3593 plerisque
1016 3511 1177 3573 constat:
1211 3504 1310 3595 quod
1333 3526 1440 3594 porro
1464 3527 1510 3575 co

453 3608 569 3691 ueniae
592 3614 711 3689 mium
732 3618 850 3703 habet,
867 3617 952 3709 quia
967 3617 1100 3690 durum
1116 3640 1212 3710 aaepe
1227 3642 1275 3693 nc
1291 3619 1409 3693 dicam
1427 3642 1512 3711 pra·

455 3754 540 3803 vum
556 3730 741 3825 ingenium
755 3733 911 3824 sapiunt,
923 3742 961 3805 et
974 3732 1126 3806 dicentis
1144 3733 1300 3809 moribus
1317 3746 1381 3809 aut
1394 3736 1512 3811 furtu·

454 3846 509 3921 nis
525 3870 597 3921 non
615 3870 695 3921 raro
713 3847 880 3923 videntur
897 3850 1062 3923 absonae:
1079 3851 1176 3946 quod
1189 3850 1319 3925 vitium
1335 3876 1358 3923 a
1370 3850 1512 3927 Teren-

454 3964 562 4039 tiauis
579 3965 744 4041 omnibus
767 3967 890 4057 prucul
912 3966 1024 4042 abeat.
1074 3966 1132 4041 De
1148 3966 1204 4041 hie
1219 3976 1343 4042 autem
1360 3990 1444 4060 quae
1459 3967 1508 4043 ad

1672 185 1680 239 i

1672 258 1680 305 l

1667 310 1676 403 1

1677 456 1680 531 ι
