3559 5575
503 161 566 224 138
882 154 1006 218 PARS
1028 154 1190 220 PRIMA
1375 159 1490 223 Ριιι.
1509 161 1563 226 X.

499 352 672 422 curasque
705 327 903 422 ambiguas,
929 348 1081 419 quarum
1115 348 1239 397 omnes
1271 326 1339 398 sibi
1369 327 1560 404 interdum

498 455 583 516 sunt
600 443 743 527 conscii,
759 443 796 512 in
815 442 903 512 artis
919 442 1015 513 illius
1037 451 1255 534 potestatem
1277 443 1406 515 cadere
1426 446 1559 518 existi·

496 583 605 631 mem.
656 559 813 650 Operam
840 557 1024 628 interdum
1048 557 1088 628 in
1114 559 1183 628 hac
1208 557 1342 629 virtute
1370 561 1557 633 hudauda

495 675 710 767 impendunt
734 675 916 767 elegantes
941 672 1100 767 quidam,
1123 681 1166 742 ut
1188 672 1256 742 sibi
1278 672 1457 757 videntur,
1474 677 1555 768 pic-

495 801 589 861 turae
618 797 855 881 spectatores:
895 789 988 857 hanc
1016 787 1095 857 aliis
1124 810 1162 857 sa
1191 788 1406 880 tardioribus
1433 791 1553 886 digito

495 915 694 977 monstrare
720 914 855 987 amant,
876 925 1028 995 eamque
1050 903 1226 974 intuendo
1251 925 1289 973 se
1314 903 1464 975 mirifice
1487 907 1552 978 de-

495 1020 619 1091 lectari
645 1019 877 1110 profitentur:
913 1039 1022 1108 quam
1050 1026 1171 1088 tamen
1206 1041 1282 1087 rem
1317 1040 1461 1088 omnem
1491 1022 1551 1110 (ut
1663 1062 1664 1065 =

493 1133 828 1228 praestantissimum
854 1155 875 1202 e
898 1131 1028 1202 nostris
1051 1131 1246 1223 pictoribus
1269 1144 1479 1204 auctorem⁸
1495 1159 1550 1207 se·

493 1255 597 1345 quar)
616 1251 735 1320 fictam
752 1271 897 1340 prorsus
913 1258 950 1316 et
966 1247 1124 1330 inanem,
1141 1269 1190 1317 ex
1210 1249 1282 1319 suis
1303 1259 1428 1319 natam
1451 1272 1548 1320 cere-

493 1367 576 1447 bris,
593 1365 743 1435 ridiculo
768 1384 886 1432 errore
913 1361 1009 1453 capti
1034 1361 1269 1433 admirantur.
1319 1363 1379 1433 Sic
1401 1365 1448 1434 ab
1468 1365 1548 1435 Au·

493 1480 592 1552 sonia
608 1479 776 1549 laudatur
793 1477 1070 1557 Timomachus;

578 1613 726 1678 Medeam
741 1611 835 1676 vellet
848 1635 949 1698 quum
964 1611 1094 1699 pingere
1110 1609 1309 1676 Timomachi
1323 1633 1411 1676 meus

621 1713 807 1780 Volcentem
822 1714 854 1778 in
870 1729 960 1778 natos
974 1714 1108 1779 crudum
1124 1713 1230 1777 auimo
1242 1712 1376 1778 facinus.

577 1817 749 1880 lmmanem
763 1815 910 1880 exhausit
922 1839 1029 1882 rerum
1043 1816 1077 1879 in
1091 1815 1216 1880 diversa
1232 1815 1371 1881 laborem

621 1917 772 2005 Fingeret
785 1918 933 1982 allectum
945 1918 1054 1982 matris
1068 1931 1106 1980 ut
1119 1916 1317 2004 ambiguum.

579 2022 634 2084 Ira
649 2019 755 2084 subest
769 2018 932 2106 lacrymis:
957 2018 1114 2083 miseratio
1128 2040 1190 2082 non
1207 2032 1292 2082 caret
1305 2017 1368 2082 ira:

619 2122 822 2188 Alterutrum
836 2121 944 2186 videas
958 2135 996 2186 ut
1009 2120 1049 2184 sit
1063 2120 1095 2183 in
1110 2120 1271 2185 alterutro.
1309 2120 1412 2183 Erro.
1421 2121 1496 2189 129.

539 2278 621 2358 Quo
638 2277 748 2348 etiam
764 2277 802 2347 in
820 2298 952 2370 genere
964 2283 1019 2346 est
1030 2274 1121 2345 illud
1134 2271 1326 2343 Claudiani
1342 2271 1380 2342 in
1398 2273 1539 2366 piorum
1601 2255 1607 2264 ’

489 2391 734 2461 Catinensium
749 2401 898 2473 statuas,
908 2390 971 2484 qui
983 2399 1149 2482 parentes
1157 2389 1369 2483 grandaevos
1380 2388 1539 2459 humeris
1668 2376 1669 2399 ¹

488 2504 718 2595 excipientes,
735 2507 780 2576 ab
797 2505 942 2576 AEtnaeo
959 2505 1043 2599 igue
1058 2504 1254 2576 incolumes
1269 2504 1503 2574 sustulerunt

576 2647 616 2710 ln
628 2646 784 2734 juvenum
800 2648 948 2713 membris
962 2648 1120 2712 animosus
1133 2646 1272 2712 cernitur
1286 2647 1409 2728 horror,

613 2748 720 2835 Atque
733 2748 820 2814 oneri
834 2761 995 2827 metuens,¹
1003 2747 1245 2837 impavidusque
1259 2747 1318 2813 sui.

1109 2853 1239 2935 Curuo.
1256 2853 1371 2916 essu.
1388 2852 1428 2915 L.
1441 2854 1493 2917 1³.

534 2978 652 3073 Atqui
667 2980 762 3051 inter
779 2991 902 3073 poetas
917 2982 1038 3051 nullus
1054 2979 1276 3073 frequentior
1292 2982 1360 3051 hoc
1376 2990 1441 3051 aut
1452 2982 1540 3053 ube·

485 3090 557 3164 rior
579 3106 634 3166 est
656 3095 765 3178 locus,
789 3105 852 3166 aut
876 3095 972 3165 unde
998 3096 1113 3190 major
1138 3095 1299 3166 exoritur
1321 3095 1537 3166 carminibus

484 3210 600 3304 gratia
625 3233 667 3281 ac
685 3220 862 3283 venustas.
914 3210 1019 3302 Saepe
1044 3212 1138 3281 hanc
1162 3234 1239 3282 rem
1264 3210 1365 3282 brevi
1388 3210 1537 3303 expedit

483 3324 668 3419 Virgilius,
685 3326 778 3396 sicut
794 3326 831 3395 in
849 3326 919 3397 illis
937 3326 982 3396 de
999 3326 1137 3408 Turno,

1044 3478 1174 3543 AEstuat
1188 3478 1300 3567 ingens

570 3575 642 3639 lmo
655 3576 688 3639 in
702 3576 796 3641 corde
810 3576 925 3665 pudor,
941 3580 1104 3667 mixtoque
1118 3579 1238 3645 insania
1251 3580 1340 3647 luctu

568 3678 614 3741 Et
630 3678 736 3743 Furiis
749 3679 886 3767 agitatus
899 3704 997 3760 amor,
1013 3695 1046 3746 et
1059 3683 1182 3747 conscia
1196 3683 1305 3748 virtus.

1208 3786 1291 3850 AEu.
1308 3784 1398 3849 XII.
1413 3783 1489 3852 667.

753 4038 763 4065 ¹
779 4028 824 4087 Sir
837 4030 948 4087 Josbua
961 4029 1118 4108 Reynolds,
1132 4029 1211 4089 Disc.
1222 4031 1260 4089 V.
