3559 5575
1129 83 1262 151 460
1851 80 2095 144 PARS
2140 78 2521 144 TERTIA
2697 81 2925 145 Pagi..
2958 82 3231 148 XXXV.

1126 254 1590 350 descriptioni
1628 253 2069 328 occasionem
2117 253 2486 346 praebent3
2537 263 2618 324 at
2650 249 3230 327 Similitudinum

1127 374 1418 445 nomine
1475 370 1757 443 laudari
1805 369 1982 442 talia
2031 392 2485 463 nequaquam
2537 370 2899 442 convenit.
3007 373 3230 455 Quare
3374 417 3375 422 =

1126 490 1377 561 eodem
1430 488 1722 559 tandem
1774 485 2010 568 redire
2057 496 2339 557 constat
2374 484 2640 567 omnia,
2675 508 3131 580 quaecunque
3163 491 3224 559 in

1125 606 1261 675 hac
1292 613 1497 696 parte
1531 601 2013 673 animadverti
2047 599 2619 696 contigit—nem
2622 624 2712 693 pe
2744 625 2909 672 eam
2950 603 3226 675 demum

1124 719 1512 811 perfectam
1547 717 1700 788 fore
1744 717 2395 809 Comparationem,
2429 738 2601 812 quoe
2650 714 2729 786 in
2781 714 3083 788 duabus
3126 715 3226 788 di-

1122 856 1503 906 versorum
1562 855 1931 927 generum
1984 829 2209 903 rebus
2241 830 2416 922 fiet,
2474 854 2798 928 quarum
2852 833 3225 931 utriusque

1123 948 1383 1022 eadem
1416 948 1520 1021 sit
1539 948 1738 1022 ratio
1771 947 1883 1020 ad
1909 958 2436 1046 consequentes
2467 948 2684 1021 duas.
2788 952 3008 1034 Quod
3038 954 3100 1025 si
3131 957 3221 1024 ul-

1125 1068 1349 1140 terius
1407 1068 1659 1139 tendat
1710 1067 2059 1161 analogia,
2115 1076 2200 1137 ut
2255 1066 2400 1138 sint
2451 1090 2580 1137 sex
2633 1077 2763 1138 aut
2806 1068 3048 1160 plures
3096 1082 3225 1141 ter·

1125 1184 1326 1267 mini,
1363 1184 1572 1255 modo
1607 1207 1699 1255 ne
1738 1183 1813 1254 in
1849 1182 2289 1278 Allegoriam
2337 1193 2632 1265 crescat,
2667 1183 3053 1275 perfectior
3099 1185 3222 1256 erit

1124 1309 1318 1372 certe
1368 1310 1445 1371 et
1488 1299 1857 1370 efficacior.
1961 1298 2155 1368 Tum
2189 1297 2265 1368 in
2300 1293 2632 1368 secunda
2664 1320 2754 1369 re
2786 1300 3223 1391 explicanda,

1125 1415 1447 1510 religioni
1499 1439 1591 1486 ne
1638 1415 1754 1498 sit,
1793 1425 1875 1486 ut
1908 1413 2396 1507 particulatim
2441 1414 2730 1506 penitus
2781 1438 2948 1485 cum
3003 1416 3224 1507 priore

1122 1540 1510 1626 congruat:
1564 1530 1673 1601 sin
1721 1539 1966 1601 autem
2014 1530 2288 1624 aliquid
2337 1531 2451 1601 sui
2496 1531 2781 1626 generis
2837 1531 3227 1623 speciosum

1121 1644 1404 1728 habeat,
1428 1647 1629 1740 justa
1655 1644 2112 1737 proportione
2138 1647 2359 1717 semel
2382 1645 2636 1738 posita,
2661 1645 2740 1715 id
2773 1668 2987 1738 porro
3018 1647 3231 1740 scrip-
3374 1617 3375 1686 ἕ

1122 1771 1351 1833 torem
1386 1760 1638 1833 efferre
1672 1783 1764 1832 ne
1798 1761 2087 1853 pudeat.

1224 1993 1547 2065 Tantum
1578 1992 1655 2063 in
1691 1994 1828 2064 hoc
1860 1992 2096 2085 capite
2130 1992 2563 2065 excutiendo
2591 1994 3061 2086 absumptum
3087 2018 3231 2066 esse

1122 2111 1462 2204 temporis
1514 2110 1751 2181 minus
1801 2111 2029 2193 doleo,
2071 2109 2411 2202 quoniam
2463 2109 2676 2181 modo
2726 2110 2926 2180 dicta
2976 2107 3232 2181 Meta-
3374 2131 3375 2142 ¹

1106 2222 1379 2321 pborae
1450 2225 1721 2319 pariter
1795 2225 2139 2297 inservire
2213 2236 2550 2317 possunt;
2629 2248 2794 2319 quae
2860 2236 3233 2298 contracta

1122 2343 1455 2435 quaedam
1480 2343 1833 2414 ‚habenda
1865 2353 1974 2413 est
2009 2342 2471 2434 comparatio,
2491 2337 2914 2436 praeteaeitis
2946 2337 3235 2412 duobus

1122 2454 1532 2552 Analogiae
1575 2453 1935 2542 terminis,
1969 2468 2044 2529 et
2078 2459 2277 2528 nulla
2325 2457 2814 2529 similitudinis
2866 2458 3234 2529 mentione

1120 2577 1332 2649 facta.

1223 2811 1466 2895 Quare
1515 2810 1607 2882 ad
1653 2819 1991 2903 quartum
2032 2810 2237 2881 illum
2273 2811 2366 2881 de
2399 2804 2792 2905 Epithetis
2822 2809 3236 2903 progredia-

1123 2951 1287 3000 mur
1318 2931 1601 3009 locum;
1653 2937 1729 2998 et
1771 2926 2024 2998 relicta
2061 2928 2220 3021 jam
2271 2926 2624 2997 universae
2675 2926 2780 2995 rei
2829 2924 3234 3018 disciplina,

1123 3046 1326 3139 cujus
1358 3042 1667 3136 plurima
1702 3052 1871 3113 sunt
1906 3051 2267 3134 praecepta
2299 3041 2393 3111 de
2426 3039 2763 3133 antiquiS,
2795 3042 3232 3133 compositis,

1122 3157 1525 3239 cumulatis,
1584 3180 1941 3249 perpauca
2008 3166 2295 3226 tantum
2357 3155 2570 3226 hodie
2625 3156 2940 3248 proferre
2995 3156 3232 3241 liceat,

1121 3297 1286 3367 quae
1319 3274 1409 3344 ad
1447 3271 1914 3344 Phantasiam
1950 3294 2099 3363 prae
2133 3270 2413 3341 caeteris
2447 3270 2785 3341 videntur
2816 3280 3165 3362 spectare.

1223 3390 1549 3460 Primum
1598 3388 1825 3484 igitur
1868 3397 2000 3475 est,
2032 3396 2118 3457 ut
2158 3388 2250 3458 ab
2296 3386 2664 3480 Epithetis
2714 3385 2963 3455 sedulo
3012 3387 3238 3457 absti-

1119 3513 1401 3587 neatur,
1427 3526 1592 3597 quae
1625 3504 2076 3575 reconditum
2111 3502 2454 3595 quiddam
2486 3501 2759 3572 habent
2792 3509 2921 3571 aut
2943 3500 3238 3595 longius

1113 3618 1529 3712 quaesitum‚
1578 3628 1654 3689 et
1704 3618 2080 3714 aenigmati
2131 3616 2443 3710 propius,
2547 3615 2858 3687 Satiram
2907 3616 3240 3708 profecto

1121 3737 1278 3806 haec
1309 3734 1524 3806 nimis
1556 3733 1870 3828 sapiunt,
1905 3745 1980 3806 et
2015 3734 2088 3804 in
2125 3732 2406 3804 meliori
2449 3755 2738 3825 poeseos
2782 3732 3015 3804 forma
3061 3746 3243 3805 sunt

1120 3870 1407 3942 perraro
1473 3848 1898 3922 adhibenda.
2000 3847 2182 3931 Quis
2256 3846 2449 3919 enim
2510 3847 2648 3920 ista
2701 3848 2957 3940 probet
3014 3849 3245 3920 Clau-

1122 3964 1315 4036 diani
1336 3965 1371 4034 ?
