3559 5575
973 80 1102 148 290
1653 76 1896 141 PARS
1946 75 2392 142 SECUNDA
2569 76 2794 141 Pam..
2829 76 3106 155 XXII.

1135 246 1398 326 ’Άνολβίι
1429 248 1477 309 τ’
1508 249 1690 338 οἲπρῖν.
1721 249 1804 330 τῷ
1832 245 1888 308 δὲ
1916 244 2153 332 γενναίῳ
2183 245 2347 328 φύσιν

1133 351 1409 416 “Awana
1437 354 1646 427 ταῦτα,
1672 348 1992 432 προστάτην
2020 374 2093 433 γε
2119 354 2218 411 τοῦ
2248 347 2375 424 βίου

1140 455 1252 517 Τὸν
1274 456 1437 533 δῆμον
1461 450 1689 535 ἔχομεν,
1709 454 1790 532 τῷ
1814 453 1866 511 τ’
1891 448 2055 536 ὄχλῳ
2082 450 2420 532 δουλεύομεν.
2457 450 2605 513 ῙΡΗ.
2630 470 2708 514 IN
2733 452 2910 515 AUL.
2937 452 3093 518 446.
3367 511 3368 534 ¹

970 558 1283 629 Maximi
1325 556 1591 626 idcirco
1637 555 1857 625 refert
1892 566 1975 625 ut
2010 578 2103 625 ne
2149 555 2364 626 factae
2399 554 2784 626 videantur
2829 556 2904 627 in
2953 560 3096 629 hoc

967 697 1230 774 genere
1264 682 1339 744 et
1374 670 1701 765 quaesitae
1737 671 2158 752 sententiae3
2212 682 2370 741 tum
2406 688 2500 741 ne
2533 670 2751 741 fidem
2785 697 3095 766 exsupe-

968 802 1173 878 rent3
1207 798 1568 882 postremo
1603 810 1695 857 ne
1728 785 1807 856 in
1835 786 2244 857 communia
2269 786 2485 857 nimis
2513 797 2587 858 et
2614 812 2749 859 usu
2775 790 3093 861 contrita

969 915 1359 981 excurrant
1392 902 1798 974 ornamenti
1843 926 2080 986 causa,
2114 903 2308 995 quod
2354 903 2684 974 nonnihil
2727 904 2952 975 etiam
2995 907 3091 978 de

967 1022 1109 1093 fide
1143 1018 1479 1091 detrahit.
1582 1017 1815 1098 Quale
1849 1027 1958 1087 est
1992 1017 2172 1087 illud
2207 1017 2526 1100 Senecae,
2554 1018 2865 1090 mediam
2901 1019 3091 1091 scili·

970 1148 1086 1209 cet
1118 1137 1483 1208 fortunam
1519 1131 1709 1203 Icari
1742 1135 2073 1224 exemplo
2107 1133 2700 1206 commendanti&

1316 1246 1658 1313 Gnossium
1690 1266 1902 1332 regem
1935 1245 2159 1310 timens

1314 1351 1515 1413 Astra
1542 1347 1697 1411 dum
1729 1347 1986 1410 demens
2015 1346 2195 1435 petit,

1314 1449 1588 1514 Artibus
1616 1449 1769 1512 fisus
1798 1449 1997 1527 novis,

1315 1552 1534 1615 Certat
1565 1564 1626 1614 et
1659 1574 1838 1615 veras
1868 1574 2014 1615 aves

1312 1651 1597 1730 Vincere,
1628 1675 1700 1715 ac
1729 1652 1902 1716 falsis
1928 1652 2113 1716 nimis

1317 1756 1601 1842 Imperat
1630 1754 1855 1842 pennis
1883 1778 2065 1842 puer,

1311 1856 1563 1921 Nomen
1592 1856 1826 1943 eripuit
1855 1857 2035 1921 freto.

1314 1957 1602 2041 Callidus
1632 1957 1912 2024 medium
1944 1981 2133 2023 senex

1319 2061 1628 2126 Doedalus
1655 2059 1892 2125 librans
1920 2060 2040 2125 iter

1315 2164 1508 2228 Nube
1539 2164 1658 2229 sub
1687 2162 1896 2227 media
1926 2162 2122 2242 stetit,

1314 2265 1558 2330 Alitem
1588 2279 1956 2358 exspectans
1985 2287 2186 2329 suam.
2447 2267 2609 2330 Smt.
2644 2267 2807 2331 (ΕΙ).
2836 2268 2990 2336 892.

967 2370 1239 2441 Contra
1265 2371 1766 2476 venustissimo
1803 2371 2071 2443 Catulli
2099 2367 2422 2454 carmini,
2444 2394 2588 2464 quo
2606 2371 2847 2443 villam
2875 2394 3076 2443 suam

965 2507 1060 2555 ex
1109 2483 1367 2555 itinere
1426 2496 1883 2577 prospectans
1934 2486 2221 2568 salutat,
2270 2486 2663 2557 maximam
2714 2487 2883 2559 inde
2926 2487 3078 2556 vim

964 2608 1141 2706 puto
1175 2609 1250 2670 et
1283 2600 1591 2695 gratiam
1628 2601 1988 2686 accedere,
2024 2601 2218 2695 quod
2252 2602 2342 2672 ab
2384 2601 2530 2674 imo
2580 2613 2867 2696 pectore
2913 2625 3076 2697 quae

964 2714 1158 2788 dicta
1193 2725 1362 2786 sunt
1396 2714 1592 2786 haud
1625 2715 1842 2786 dubie
1875 2717 2436 2809 proficiscantur.

1139 2829 1646 2927 Peninsularurp,
1682 2827 1934 2909 Sirmio,
1964 2826 2443 2917 insularumque

1139 2931 1375 3012 Ocelle,
1405 2956 1817 3021 quascunque
1846 2933 1913 2996 in
1942 2932 2331 3019 liquentibus
2361 2933 2618 3020 stagnis,

1140 3036 1441 3125 Marique
1472 3050 1648 3102 vasto
1675 3036 1799 3101 fert
1831 3049 2100 3122 uterque
2131 3037 2511 3122 Neptunus:

1140 3141 1348 3218 Quam
1381 3155 1442 3204 te
1470 3139 1756 3217 libenter,
1788 3159 2110 3225 quamque
2141 3136 2326 3202 laetus
2354 3137 2593 3202 inviso!

1141 3242 1266 3305 Vix
1295 3242 1383 3305 mi
1411 3242 1546 3329 ipse
1574 3241 1835 3307 credens
1866 3237 2192 3327 Thyniam
2220 3253 2415 3328 atque
2444 3240 2755 3329 Bithynos

1142 3343 1435 3430 Liquisse
1461 3366 1736 3431 campos,
1766 3356 1831 3408 et
1861 3341 2076 3407 videre
2105 3363 2207 3406 me
2235 3341 2301 3407 in
2331 3356 2495 3408 tuto.

1139 3448 1198 3510 Ο
1228 3445 1385 3532 quid
1415 3444 1634 3509 solutis
1661 3457 1756 3509 est
1783 3444 2031 3509 beatius
2058 3437 2272 3508 curis?

1138 3548 1303 3611 Cum
1333 3569 1509 3610 mens
1535 3569 1697 3611 onus
1725 3546 1998 3635 reponit,
2028 3570 2101 3612 ac
2131 3547 2465 3634 peregrino

1138 3648 1391 3714 Labore
1419 3649 1564 3714 fessi
1591 3648 1880 3714 venimus
1906 3649 2102 3713 larem
2131 3649 2216 3713 ad
2244 3663 2551 3728 nostrum,

1134 3748 1635 3839 Desideratoque
1660 3751 2112 3840 acquiescimus
2140 3749 2319 3815 lecto.

1136 3855 1284 3922 Hoc
1313 3868 1431 3935 est,
1462 3854 1634 3941 quod
1666 3874 1869 3919 unum
1898 3866 1992 3918 est
2020 3874 2139 3939 pro
2167 3850 2489 3919 laboribus
2520 3851 2731 3919 tantis.

1783 3959 2091 4024 Cel-runt.
2122 3957 2362 4022 Canu.
2394 3960 2503 4023 31.
2532 3958 2635 4024 ed.
2666 3958 2973 4047 Doering.

192 4066 752 4822 Ῥη
