3559 5575
1000 33 1130 100 416
1726 31 1970 96 PARS
2020 28 2397 92 TERTIA
2561 30 2793 93 Palm..
2831 29 3159 93 XXXII.

997 208 1419 300 plerumque
1486 203 1691 276 annis
1759 203 1988 274 dulcis
2054 202 2224 272 olim
2284 223 2527 272 secum
2594 203 2833 274 fuerit
2907 225 3163 273 neces·

1000 322 1261 392 situdo.

1078 435 1375 529 Optime
1398 434 1475 505 id
1493 432 1802 528 Virgilio
1823 430 2195 525 cognitum
2216 441 2550 522 poemata
2569 432 2754 524 ejuS‚
2778 432 3157 504 continuo

997 552 1110 623 his
1135 549 1524 623 luminibus
1560 547 1921 630 distincta,
1957 546 2130 616 satis
2167 555 2593 616 monstrant.
2690 546 2781 616 In
2824 548 3158 643 Georgi-

998 669 1099 739 cis
1132 664 1558 760 praesertim,
1582 688 1628 734 a
1659 661 1871 733 rebus
1903 660 2338 755 quotidianis
2373 670 2449 730 et
2474 660 2746 730 sordidi
2783 687 3158 735 nonnun-

998 805 1218 876 quam
1251 804 1421 851 usus
1456 801 1671 873 quam
1708 777 1886 848 scite
1921 775 2279 847 trahimur
2305 776 2399 846 ad
2433 788 2851 848 commenta
2887 777 3156 870 aliqua

998 896 1397 990 antiquitus
1433 895 1722 977 tradita,
1758 906 1977 988 atque
2011 917 2298 964 omnem
2334 894 2746 965 vetustioris
2780 897 2944 965 aevi
2982 896 3154 964 reli-

1000 1012 1319 1108 gionem!
1356 1010 1476 1082 Sic
1501 1011 1733 1081 forma
1756 1033 1920 1103 quae
1949 1010 2043 1080 sit
2068 1008 2237 1101 equi
2262 1010 2761 1081 honestissima
2787 1011 3153 1082 habenda

1002 1126 1419 1220 simpliciter
1442 1125 1791 1218 exposito,
1813 1124 2060 1196 statim
2087 1124 2181 1194 ad
2215 1125 2561 1196 nobiliora
2595 1127 2756 1197 haec
2782 1125 3144 1221 assurgit.

1086 1253 1262 1320 Talis
1290 1254 1603 1343 Amyclaei
1634 1253 1910 1318 domitus
1943 1252 2222 1317 Pollucis
2248 1253 2510 1318 habenis

1088 1356 1407 1442 Cyllarus,
1439 1370 1503 1420 et
1532 1376 1807 1442 quorum
1840 1352 2020 1418 Graii
2049 1354 2387 1417 meminere
2415 1368 2620 1441 poetae

1091 1458 1321 1522 Martis
1349 1457 1497 1543 equi
1525 1457 1798 1543 bijuges,
1830 1471 1893 1520 et
1921 1456 2134 1543 magni
2163 1479 2390 1521 currus
2420 1455 2704 1520 Achillis.

1090 1557 1271 1622 Talis
1300 1572 1363 1622 et
1391 1557 1525 1643 ipse
1545 1557 1771 1642 jubam
1804 1557 2044 1621 cervice
2071 1557 2299 1622 effudit
2326 1558 2561 1643 equina

1090 1659 1249 1745 Conj
1260 1658 1399 1746 ugis
1427 1659 1706 1722 adventu
1736 1658 1960 1745 pernix
1996 1661 2329 1739 Saturum,
2360 1673 2423 1723 et
2451 1658 2652 1723 altum

1090 1761 1312 1826 Pelion
1341 1761 1593 1837 hinnitu
1622 1760 1875 1848 fugiens
1904 1760 2192 1848 implevit
2219 1776 2425 1825 acuto·
2492 1762 2761 1825 GEORG.
2792 1763 2937 1825 111.
2965 1765 3083 1830 89.

1102 1883 1274 1954 Pari
1323 1883 1399 1954 in
1449 1883 1662 1953 laude
1708 1892 1879 1952 sunt
1919 1905 2005 1952 ea
2051 1905 2215 1975 quae
2263 1893 2685 1975 sequuntur,
2721 1884 2811 1953 de
2851 1905 3130 1977 genere

1002 2022 1350 2094 equorum
1378 1999 1470 2069 ad
1496 2022 1743 2069 currus
1770 2009 1847 2069 et
1872 2008 2278 2091 equestrem
2307 2020 2519 2068 usum
2553 1999 3124 2069 accommodato.

1178 2128 1431 2193 Primus
1460 2127 1914 2193 Erichthonius
1940 2150 2165 2192 currus
2191 2141 2254 2191 et
2283 2140 2560 2213 quatuor
2587 2151 2779 2191 ausus

1172 2233 1219 2294 J
1224 2254 1461 2318 ungere
1488 2254 1708 2318 equos,
1741 2229 2105 2317 rapidisque
2134 2229 2287 2294 rotis
2315 2228 2601 2293 insistere
2629 2229 2848 2293 victor.

1176 2333 1407 2396 Fraena
1436 2330 1822 2397 Pelethronii
1854 2330 2172 2418 Lapithoe,
2203 2352 2524 2417 gyrosque
2552 2329 2806 2407 dedere,

1178 2432 1468 2518 Impositi
1496 2433 1718 2509 dorso3
1766 2447 1961 2519 atque
1987 2433 2266 2520 equitem
2295 2432 2568 2496 docuere
2595 2433 2716 2496 sub
2742 2432 2932 2496 armis

1176 2534 1495 2598 Insultare
1524 2536 1679 2614 solo,
1710 2550 1773 2600 et
1801 2558 2056 2622 gressus
2083 2534 2433 2623 glomerare
2462 2534 2788 2621 superbos.

2405 2638 2676 2702 Gnoso.
2710 2637 2850 2700 111.
2879 2639 3023 2699 113.

1002 2754 1195 2826 Tum
1262 2754 1356 2825 ad
1420 2755 1778 2848 pecudum
1848 2755 2206 2828 minorum
2275 2767 2493 2851 atque
2556 2756 2798 2828 ovium
2863 2778 3104 2829 curam

998 2882 1502 2967 transgressuS,
1553 2882 1932 2965 postquam
1985 2875 2217 2943 multa
2265 2884 2599 2944 accurate
2645 2874 2980 2946 disseruit
3017 2875 3107 2944 de

997 2987 1301 3080 pascuiS,
1335 2998 1412 3059 et
1446 2988 1889 3067 stabulorum
1924 2987 2090 3071 situ,
2117 2998 2194 3059 et
2219 3012 2362 3081 quo
2397 2999 2608 3080 pacto
2637 2990 2900 3060 vellera
2934 2991 3107 3060 fiant

994 3104 1305 3195 pretiosa
1339 3114 1757 3186 monstrato,
1790 3101 1866 3172 in
1903 3104 2061 3173 haec
2095 3102 2333 3174 subito
2368 3104 2792 3195 prorumpit.

1174 3242 1449 3305 Munere
1476 3240 1563 3305 sic
1591 3240 1775 3305 niveo
1802 3239 1987 3318 lanae‚
2020 3238 2069 3303 si
2099 3239 2354 3313 credere
2382 3239 2649 3328 dignum
2679 3255 2794 3320 est,

1172 3344 1312 3406 Pan
1342 3343 1521 3407 Deus
1549 3340 1838 3407 Arcadiae
1868 3355 2116 3429 captam
2149 3355 2212 3406 te
2243 3343 2436 3405 Luna
2465 3341 2710 3422 fefellit,

1172 3445 1251 3506 In
1284 3465 1540 3508 nemora
1566 3443 1694 3509 alta
1722 3466 1975 3523 vocam,
2006 3465 2121 3508 nec
2150 3458 2223 3508 tu
2252 3458 2586 3531 aspernata
2611 3458 2955 3509 vocantem.

2383 3547 2657 3612 Gnonc.
2689 3548 2833 3612 111.
2864 3550 3017 3617 391.

999 3664 1254 3759 Neque
1289 3688 1382 3736 ex
1416 3665 1778 3763 religionis
1812 3680 2099 3740 tantum
2137 3669 2296 3738 sinu
2322 3670 2719 3760 promenda
2751 3680 2921 3741 sunt
2946 3670 3112 3739 sub-

998 3780 1218 3853 sidia:
1272 3781 1614 3877 quicquid
1646 3783 1840 3855 enim
1875 3784 1966 3856 de
1999 3784 2393 3855 illustribus
2440 3785 2614 3856 olim
2649 3785 2820 3857 viris
2864 3808 3113 3856 narra-

999 3906 1158 3968 tum
1190 3900 1429 3994 vulgn,
1462 3908 1539 3971 et
1572 3899 1667 3969 ad
1699 3923 1892 3971 seros
1925 3910 2220 3992 nepotes
2257 3899 2351 3971 sit
2384 3900 2763 3984 traditum,
2797 3924 2927 3973 suo
2963 3924 3110 3972 non

993 4035 1239 4086 carere
1281 4016 1523 4086 fluctu
1569 4016 1790 4107 probe
1833 4016 2059 4099 novit,
2099 4025 2384 4087 servata
2431 4016 2570 4088 loci
2624 4042 2710 4089 ac
2762 4016 3112 4110 temporis
