3559 5575
476 133 540 198 146
845 131 967 196 PARS
990 130 1150 194 PRIMA
1348 130 1464 195 Pana.
1479 131 1534 195 X.

560 305 709 369 Torserat
723 301 777 367 illa
791 301 881 388 gravi
892 299 1086 388 jamdudum
1100 297 1222 362 lumina
1236 298 1341 378 vultu,

562 405 623 468 Vix
640 403 761 468 animos
774 403 984 489 dextramque
996 415 1118 478 tenens,
1132 400 1211 487 quin
1225 399 1296 488 ipsa
1308 399 1466 488 loquentis

564 507 632 570 Iret
644 505 679 569 iu
693 528 749 568 ora
764 506 862 578 Deae;
887 517 976 568 tanta
987 503 1094 590 pudor
1108 515 1222 568 aestuat
1234 501 1290 565 ira.

1213 606 1302 668 Aac.
1314 606 1398 670 vn.
1410 608 1487 676 293.

475 763 533 834 Ne
556 785 640 833 vero
665 760 754 832 vitia
783 761 903 853 paullo
929 760 1045 830 acrius
1070 759 1239 830 insectari
1262 760 1397 843 videar,
1416 762 1532 832 multa

475 878 642 972 equidem
660 877 819 972 ejusdem
837 887 954 968 poetae
972 899 1093 968 parem
1107 898 1190 946 cum
1203 876 1397 970 Apollonio
1411 876 1531 947 imita-

476 995 583 1066 tionis
600 995 743 1066 laudem
761 1001 951 1064 consecuta
966 1015 1041 1063 esse
1059 993 1185 1062 lubens
1207 993 1386 1083 profiteor.
1437 991 1530 1074 Quae

476 1123 598 1182 autem
614 1112 755 1182 Medcae
768 1109 1015 1201 perturbatam
1029 1117 1189 1178 mentem
1201 1106 1374 1190 indicant,
1387 1107 1413 1177 J
1413 1107 1530 1179 asonis

475 1228 639 1320 precibus
663 1229 743 1321 jam
769 1224 951 1296 adfinem
975 1223 1169 1315 perductis,
1192 1223 1300 1294 etiam
1327 1225 1531 1316 pulchriora

476 1342 612 1434 Graecis
629 1341 807 1422 existimo,
825 1339 1010 1434 magisque
1026 1340 1074 1410 ad
1091 1338 1254 1409 veritatis
1268 1359 1432 1411 normam
1449 1338 1531 1410 red-

475 1467 565 1530 acta.

735 1585 796 1651 Illa
809 1600 958 1664 tremens,
975 1597 1012 1648 ut
1026 1584 1177 1672 supplicis
1188 1584 1324 1672 adspicit
1336 1608 1392 1650 ora

562 1686 757 1752 Conticuisse
772 1687 842 1764 viri,
853 1688 985 1774 jamque
999 1702 1032 1750 et
1046 1709 1105 1751 sua
1117 1688 1214 1752 verba
1229 1687 1368 1774 reposci3

562 1791 630 1854 Nec
645 1789 761 1876 quibus
775 1789 905 1877 incipiat
919 1789 1048 1853 demens
1063 1788 1161 1869 videt,
1177 1789 1288 1854 ordine
1301 1813 1359 1855 nec
1372 1813 1448 1877 quo,

563 1893 674 1970 Quove
689 1905 792 1971 tenus,
806 1891 910 1979 prima
924 1890 1053 1978 cupiens
1067 1891 1230 1956 effundere
1245 1915 1321 1957 voce

563 1995 689 2074 Omnia,
705 1995 758 2060 sed
774 2017 832 2059 nec
846 1993 949 2081 prima
963 1993 1068 2080 pudor
1082 1994 1139 2059 dat
1152 1994 1249 2060 verba
1263 1995 1394 2059 timenti.

1211 2099 1298 2161 Aac.
1311 2098 1393 2162 vn.
1410 2099 1485 2163 461.

475 2277 600 2349 Unum
611 2278 728 2348 adhuc
740 2278 879 2348 adferre
890 2276 1009 2360 liceat,
1022 2284 1146 2368 utpote
1158 2276 1196 2346 in
1211 2276 1272 2347 illo
1284 2298 1417 2370 genere
1428 2299 1531 2370 egre·

474 2393 575 2486 gium
592 2393 699 2485 quod,
711 2391 796 2462 licet
807 2391 844 2461 in
862 2392 1140 2483 propatulo-non
1157 2390 1265 2462 nimis
1276 2393 1410 2486 jaceat,
1422 2413 1530 2462 nemo

475 2503 608 2587 tamen,
627 2506 673 2575 sit
691 2507 797 2576 modo
815 2517 1066 2589 monstratum,
1083 2530 1104 2577 a
1121 2517 1250 2578 natura
1272 2508 1351 2600 ipsa
1372 2507 1529 2600 petitum

476 2632 595 2716 negat.
646 2621 709 2692 Ad
738 2632 869 2693 caetera
897 2623 994 2693 enim
1023 2623 1153 2715 quibus
1180 2623 1312 2695 Medea
1336 2647 1442 2694 suum
1468 2647 1533 2694 cor

476 2737 588 2834 angit,
606 2737 694 2809 dum
709 2737 735 2808 J
736 2759 880 2811 asonem
898 2739 945 2810 ad
961 2738 1126 2833 iniquum
1143 2748 1325 2811 certamen
1345 2739 1530 2812 disceden-

476 2864 549 2925 tem
567 2855 687 2927 animo
703 2856 942 2949 prosequitur,
959 2856 1038 2926 haec
1055 2856 1201 2948 insuper
1217 2856 1340 2937 addit;

563 2988 609 3051 Et
623 3008 707 3051 nunc
721 2985 772 3049 ille
787 3010 844 3050 sua
857 3008 921 3051 non
935 3007 1118 3072 quenquam
1133 2998 1216 3050 sorte
1231 2986 1362 3065 moveri,

563 3090 636 3153 Non
652 3088 752 3153 ullum
768 3088 944 3153 meminisse
958 3100 1067 3173 putat:
1091 3110 1229 3174 cumque
1243 3088 1391 3153 omnibus
1403 3089 1472 3153 odit

563 3194 622 3256 Me
636 3214 776 3279 quoque.
1209 3192 1295 3254 Aac.
1311 3192 1392 3257 vll.
1408 3194 1484 3257 203.

477 3311 599 3382 Ovidii
616 3313 653 3381 in
671 3314 739 3382 hoc
756 3320 969 3405 argumento
986 3310 1145 3382 carmina
1163 3312 1252 3383 adeo
1268 3322 1354 3383 sunt
1370 3322 1469 3400 nota,
1485 3324 1532 3386 ut
1652 3387 1659 3405 ,

477 3426 514 3496 in
545 3428 750 3518 exemplum
781 3425 875 3496 trahi
899 3426 963 3496 vix
989 3427 1153 3498 debeant.
1206 3424 1381 3512 Profecto,
1398 3429 1469 3500 nisi
1489 3430 1530 3501 in

478 3540 636 3633 argutias
666 3541 856 3633 aliquando
885 3564 949 3611 suo
973 3566 1072 3614 more
1094 3544 1259 3635 delapsus
1281 3553 1386 3629 esset,
1409 3554 1530 3617 totum

477 3657 575 3727 hunc
591 3659 709 3727 locum
727 3680 798 3727 non
813 3656 983 3729 mediocri
995 3660 1100 3730 laude
1114 3660 1336 3731 cumulatum
1349 3660 1530 3734 ducerem.

478 3772 585 3857 Quod
605 3773 784 3866 praecipue
807 3774 853 3844 ad
874 3772 967 3845 hanc
990 3785 1150 3847 nostram
1172 3774 1348 3847 rationem
1372 3777 1532 3869 pertinet

477 3901 542 3971 est,
558 3889 621 3961 ubi
642 3890 772 3961 Medea
797 3888 863 3961 sibi
888 3889 1014 3961 falsam
1044 3890 1122 3983 ipsa
1151 3892 1345 3983 praetendit
1358 3908 1532 3977 causam,

478 4028 542 4075 cur
556 4006 681 4078 Jasoni
698 4028 802 4098 opem
819 4006 912 4077 ferre
928 4005 1026 4077 velit.
