3559 5575
954 81 1083 144 438
1670 79 1916 142 PARS
1959 77 2323 141 TERTIA
2453 76 2679 138 Pam..
2714 73 3104 138 XXXIV.

955 277 1046 324 an
1073 275 1375 323 excussa
1398 250 1762 323 facultatis
1788 253 2087 345 hujusce
2108 259 2394 330 natura,
2421 246 2694 340 aliquid
2718 271 2817 318 ex
2843 248 3105 318 varie-

953 379 1105 440 tate
1141 369 1264 438 illa
1297 367 1402 437 ita
1433 366 1509 435 in
1547 375 1826 436 nostros
1858 388 2030 436 usus
2072 363 2446 436 transferri
2487 362 2734 454 possit,
2768 372 2860 435 ut
2893 363 3103 434 Poe-

952 485 1119 557 ticae
1148 483 1322 553 artis
1348 482 1496 551 vim
1525 491 1814 576 augeat,
1841 504 2124 552 morum
2156 481 2435 552 interea
2467 479 2595 572 qui
2624 478 3097 574 singularum

952 599 1283 695 gentium
1318 598 1463 667 sint
1497 596 1766 689 proprii
1800 597 2080 667 ratione
2116 595 2333 666 simul
2366 594 2635 665 habita.

1058 714 1232 784 Fuit
1267 713 1494 806 igitur
1516 715 1673 806 jam
1708 712 1880 782 olim
1916 736 1961 782 a
1985 711 2190 783 nobis
2217 719 2539 795 cautum,
2563 733 2658 780 ne
2680 731 2931 780 rerum
2958 708 3098 779 de·

955 830 1377 922 scriptiones
1412 828 1571 921 quis
1608 827 1939 922 diligenti
1988 827 2202 898 nimis
2249 848 2470 897 manu
2515 825 2883 918 perficiat;
2934 847 3096 918 qua

956 946 1247 1039 quidem
1286 945 1361 1014 in
1398 955 1602 1037 parte
1638 945 1698 1014 si
1724 953 2102 1035 peccatum
2129 942 2245 1026 sit,
2266 952 2496 1014 cessat
2522 941 2817 1012 omnino
2849 943 3094 1033 phan-

957 1062 1163 1131 tasiae
1201 1062 1527 1153 voluptas
1562 1059 1704 1142 illa,
1730 1082 1897 1152 quae
1931 1078 2026 1129 ex
2059 1058 2483 1150 complendo
2516 1079 2730 1149 opere
2762 1057 2860 1128 ad
2893 1057 3093 1127 arhi-

958 1178 1183 1247 trium
1218 1186 1294 1248 et
1320 1175 1728 1268 opinionem
1762 1184 2082 1246 nostram
2106 1175 2530 1266 plerumque
2552 1172 2856 1265 capitur.
2904 1173 3087 1243 Jam

958 1314 1128 1362 vero
1175 1290 1473 1361 ulterius
1521 1291 1759 1380 paullo
1811 1288 2416 1383 progrediendum
2464 1286 2630 1358 erit.
2736 1287 3086 1381 Namque

961 1417 1044 1476 ut
1078 1406 1343 1475 nimius
1378 1406 1451 1474 in
1489 1399 1816 1496 singulis
1848 1400 2072 1474 rebus
2101 1403 2305 1474 labor
2336 1425 2423 1473 ac
2456 1401 2633 1473 fides
2667 1402 2818 1473 vim
2850 1402 3088 1495 poeti-

962 1544 1119 1590 cam
1173 1520 1495 1588 minuere
1546 1519 1747 1601 solet,
1795 1517 1904 1589 ita
1951 1519 2026 1588 in
2083 1538 2336 1588 rerum
2388 1513 2656 1586 ordine
2706 1513 3085 1587 meando

961 1634 1257 1705 minime
1290 1633 1368 1702 id
1403 1643 1636 1723 poetae
1669 1633 2032 1716 convenit,
2067 1633 2261 1725 quod
2287 1631 2577 1704 veritati
2610 1643 2686 1703 et
2709 1643 2934 1704 rectae
2962 1654 3083 1702 ra-

960 1749 1142 1820 tioni
1177 1760 1285 1819 est
1324 1747 1638 1819 maxime
1675 1760 2258 1821 consentaneum.
2347 1749 2583 1819 Immo
2616 1749 2744 1819 vix
2774 1749 3081 1820 dubium

966 1865 1214 1945 habeo,
1249 1864 1423 1955 quin
1475 1863 1877 1955 phantasiae
1923 1863 2208 1934 intersit
2256 1863 2507 1958 magis,
2555 1860 2767 1958 quali
2817 1860 3084 1934 ordine

965 2002 1181 2071 quam
1225 1974 1415 2071 quid
1454 1978 1892 2070 cogitemus;
1943 2001 2110 2049 cum
2163 2002 2208 2049 a
2256 1978 2535 2049 ratione
2583 1980 2868 2073 longius
2920 2001 3080 2049 eam

967 2099 1100 2164 hac
1135 2117 1229 2163 ex
1262 2104 1467 2185 parte
1504 2093 1769 2164 distare
1804 2104 2107 2176 constet,
2143 2116 2359 2187 quam
2396 2093 2472 2163 in
2511 2094 2935 2190 prodigiosis
2973 2119 3083 2165 re-

968 2234 1127 2280 rum
1163 2208 1409 2279 formis
1445 2209 2082 2279 comminiscendis·

1070 2324 1318 2394 Poetae
1352 2345 1524 2416 ergo
1557 2323 1910 2416 imprimis
1942 2347 2137 2394 curae
2171 2323 2288 2407 sit,
2324 2345 2416 2395 ne
2459 2322 2568 2394 ita
2610 2324 2803 2394 iuter
2840 2346 2928 2394 se
2970 2347 3078 2394 res

967 2438 1241 2506 haerere
1274 2437 1515 2518 faciat,
1542 2449 1626 2508 ut
1652 2438 2118 2531 philosophiae
2145 2440 2302 2509 vult
2328 2461 2773 2509 norma—ne
2799 2449 3080 2509 servata

967 2552 1261 2620 rationis
1297 2554 1455 2644 lege
1489 2552 1665 2643 quid
1697 2554 1898 2645 prius
1927 2555 2049 2640 sit,
2082 2554 2275 2648 quod
2308 2553 2661 2645 posterius
2705 2563 3080 2626 statuat——

967 2689 1148 2736 neve
1183 2665 1253 2736 ei
1286 2667 1722 2758 obsequatur
1760 2668 2182 2761 disciplinae,
2219 2691 2436 2763 quam
2481 2669 2558 2739 in
2604 2669 2804 2740 omni
2846 2670 3079 2765 gnavi-

966 2779 1110 2851 oris
1161 2781 1477 2874 exempli
1520 2803 1733 2874 opere
1784 2807 1984 2855 mens
2028 2784 2186 2878 ipsa
2224 2785 2561 2877 postulat.
2666 2785 2892 2881 Fugit
2921 2810 3082 2878 pro·

968 2898 1158 2968 fecto
1193 2898 1571 2990 phantasia
1606 2900 1792 2970 hanc
1825 2900 2099 2970 consilii
2132 2910 2208 2971 et
2240 2900 2416 2971 artis
2448 2901 2891 2978 societatem.
2923 2912 3082 2972 tan·

970 3035 1188 3105 quam
1223 3014 1609 3106 ignobilem
1645 3014 2010 3086 servitutis
2045 3014 2396 3106 speciem:
2431 3025 2508 3087 et
2533 3015 2594 3085 si
2624 3038 2921 3086 manum
2956 3014 3083 3085 ad-

973 3150 1280 3209 moveaS,
1317 3139 1443 3198 aut
1477 3129 1883 3200 recalcitrat
1917 3129 2186 3213 statim,
2228 3139 2356 3199 aut
2400 3140 2695 3221 accepto
2733 3132 2915 3223 jugo
2964 3127 3085 3198 sii·-

971 3251 1278 3313 vestrem
1308 3242 1498 3313 illico
1526 3242 1821 3336 deponit
1847 3244 2192 3327 animum,
2214 3244 2384 3314 etin
2412 3244 2718 3315 alienam
2745 3257 3083 3315 naturam

970 3356 1143 3427 abit.
1242 3358 1471 3427 Suum
1508 3357 1772 3451 quippe
1807 3369 1938 3446 est,
1971 3382 2111 3429 non
2146 3361 2427 3430 occulta
2459 3382 2699 3430 rerum
2734 3358 3086 3452 principia

973 3471 1097 3540 sed
1166 3493 1521 3541 summam
1588 3474 1847 3544 faciem
1914 3485 1991 3545 et
2058 3477 2363 3545 colorem
2439 3475 3088 3568 sequi—quicquid

972 3584 1194 3657 oculis
1244 3586 1658 3656 obversetur
1703 3601 1871 3660 cute
1915 3599 2127 3661 tenus
2171 3589 2697 3683 inspicere—et
2727 3614 2842 3662 res
2872 3592 3089 3662 rebus

973 3704 1408 3797 conjungere
1441 3703 1639 3773 nullo
1669 3703 2129 3796 proprietatis
2152 3707 2320 3798 jure
2351 3705 2671 3788 ductam,
2702 3707 2833 3777 sed
2869 3718 3092 3798 prout

974 3830 1295 3910 tempore
1329 3827 1457 3889 aut
1480 3819 1637 3889 loco
1667 3829 1798 3891 aut
1821 3819 2184 3891 levissima
2211 3820 2702 3892 similitudinis
2723 3830 2905 3893 nota
2926 3843 3094 3914 1¹⁰·

974 3933 1265 4025 pinquae
1300 3933 1702 4004 videantur.
1808 3933 2005 4007 Hinc
2039 3934 2234 4006 mille
2278 3946 2354 4007 et
2376 3936 2736 4030 jungendi
2769 3947 2853 4008 et
2885 3960 3096 4030 aepa-
