3559 5575
930 77 1063 148 376
1685 75 1930 138 PARS
1977 73 2354 137 TERTIA
2487 74 2718 139 Palen.
2753 76 3081 141 XXIX.

1108 250 1309 313 Ferro
1334 245 1505 333 picta
1531 267 1748 332 genae,
1779 245 1968 332 cujus
1997 243 2260 331 vestigia
2287 244 2486 309 verrit

1108 349 1424 427 Caerulus,
1456 347 1822 435 Oceanique
1850 362 2076 412 aestum
2110 345 2413 411 mentitur
2439 346 2731 413 amictus.

937 476 1044 547 Et
1077 483 1238 568 post
1272 472 1554 565 paullo;

1103 603 1275 666 Tum
1306 598 1492 689 spicis
1519 613 1584 664 et
1611 598 1804 663 dente
1830 620 2041 662 comas
2066 597 2328 662 illustris
2356 597 2625 677 eburno,

1107 705 1201 767 Et
1227 701 1432 766 calido
1460 699 1816 766 rubicunda
1845 698 1971 779 die,
2003 699 2089 763 sic
2121 698 2337 763 Africa
2363 700 2562 764 fatur.

935 835 1354 928 Supplicum
1389 833 1699 926 denique
1733 841 2094 925 postrema
2129 829 2369 922 prodit
2405 830 2644 902 Italia.

1811 966 1958 1030 Post
1990 965 2102 1029 has
2129 964 2432 1030 OEnotria
2459 964 2647 1030 lentis

1113 1073 1366 1140 Vitibus
1388 1070 1759 1158 intorquens
1787 1068 2073 1146 hederas,
2109 1083 2174 1133 et
2201 1067 2459 1156 palmite
2486 1066 2665 1154 largo

1115 1176 1282 1240 Vina
1307 1173 1529 1238 fluens.

919 1291 923 1295 ²
942 1301 1299 1382 Profecto,
1321 1320 1555 1390 neque
1577 1318 1751 1389 argu
1759 1305 2004 1366 mento
2023 1295 2225 1365 deest
2241 1306 2601 1380 venustas,
2621 1317 2856 1389 neque
2875 1295 3067 1368 ima-

936 1415 1141 1510 gines
1177 1415 1404 1509 magis
1440 1413 1532 1483 ad
1567 1411 2010 1504 propositum
2046 1412 2617 1482 accommodatas
2649 1411 2860 1483 facile
2894 1414 3063 1506 quis

938 1529 1259 1601 inveniet
1288 1554 1305 1610 ;
1357 1537 1434 1598 at
1467 1528 1770 1598 levicula
1804 1550 1920 1597 res
1952 1538 2109 1598 tota
2144 1528 2539 1621 judicanda
2572 1539 2704 1610 est,
2737 1530 3061 1620 pondere

941 1645 1232 1717 omnino
1301 1655 1519 1737 atque
1580 1643 1846 1713 affectu
1907 1666 2185 1734 experS,
2241 1655 2317 1713 et
2370 1644 2600 1736 qualis
2660 1644 3058 1716 imberbem

940 1762 1249 1855 aliquem
1286 1769 1572 1853 poetam
1607 1758 1998 1849 primordia
2033 1759 2208 1830 artis
2241 1761 2396 1854 jam
2445 1760 2756 1851 primum
2798 1785 3057 1856 aggre-

941 1878 1258 1950 dientem
1311 1875 1620 1946 deceret.
1721 1873 2035 1945 Umbras
2081 1898 2339 1967 nempe
2383 1878 2511 1945 has
2557 1885 2631 1946 et
2673 1875 3058 1948 simulacra

940 2016 1182 2065 rerum
1237 1991 1414 2062 nihil
1461 2013 1711 2061 revera
1757 2002 1887 2061 aut
1923 1993 2103 2062 velle
2138 2001 2265 2062 aut
2302 1991 2450 2083 pati
2494 2015 2697 2085 posse
2742 1993 3062 2086 suspica-

942 2132 1129 2180 mur.
1232 2107 1438 2177 Nihil
1483 2116 1613 2177 aut
1647 2106 1737 2176 ad
1775 2130 1905 2177 nos
1940 2117 2068 2178 aut
2102 2131 2319 2200 supra
2349 2131 2480 2178 nos
2515 2108 2794 2203 agitur:
2849 2110 3057 2193 nihil,

943 2250 1086 2320 quo
1122 2227 1237 2296 vel
1267 2235 1517 2316 pectus
1556 2223 1824 2294 moveri
1851 2225 1963 2294 vel
1998 2247 2244 2294 sensus
2270 2225 2732 2295 vehementer
2765 2227 3058 2318 percelli

941 2342 1236 2433 possint.
1315 2339 1696 2434 Ingenioso
1730 2339 1935 2432 quasi
1969 2342 2374 2432 spectaculo
2409 2343 2797 2412 trahuntur
2820 2341 3054 2412 oculi:

942 2480 1144 2529 mens
1179 2479 1320 2525 non
1358 2454 1714 2524 trahitur:
1750 2465 1827 2526 et
1851 2478 2074 2548 quum
2103 2456 2327 2526 cuivis
2352 2457 2427 2527 in
2455 2469 2794 2550 promptu
2820 2459 2916 2530 sit
2940 2459 3058 2529 his

942 2596 1093 2644 sese
1151 2569 1431 2641 exuviis
1483 2593 1758 2652 ornare,
1806 2571 2300 2643 difficultatem
2351 2572 2513 2643 ideo
2565 2573 2788 2657 illam,
2832 2599 3057 2668 quam

942 2684 1266 2757 nonnulli
1304 2684 1563 2754 docent
1600 2684 1999 2779 philosophi
2035 2687 2108 2756 in
2158 2687 2443 2758 laudem
2499 2690 2673 2759 artis
2723 2690 3058 2773 transire,

943 2805 1154 2895 plane
1190 2824 1329 2872 non
1369 2801 1608 2870 habet.

1046 2919 1288 3000 Quare
1323 2918 1412 2987 ab
1447 2916 1719 3009 optimo
1744 2940 2034 3009 poeseos
2058 2942 2322 3014 genere
2346 2923 2558 3016 longe
2583 2921 2848 2992 distare
2869 2923 3061 2993 arbi-

947 3044 1097 3105 tror
1129 3035 1628 3129 pervulgatum
1665 3033 1866 3104 illum
1902 3058 2219 3130 gregem,
2256 3037 2454 3121 vitia,
2481 3038 2807 3122 virtuteS,
2843 3040 3064 3110 affec-

948 3160 1065 3220 tus
1101 3151 1528 3243 habitusque
1562 3149 1807 3233 animi,
1844 3174 1971 3243 pro
2006 3152 2386 3245 multiplici
2427 3153 2801 3224 titulorum
2848 3155 3060 3247 copia

949 3288 1032 3335 ac
1068 3267 1415 3336 varietate
1449 3265 1879 3360 designatoS,
1914 3289 2056 3336 non
2093 3266 2307 3337 aliam
2345 3268 2612 3339 scilicet
2640 3270 2730 3339 ob
2764 3291 3062 3342 causam

948 3379 1083 3449 nisi
1121 3391 1203 3450 ut
1223 3377 1457 3474 pingi
1489 3381 1726 3471 potius
1762 3406 1873 3452 res
1907 3406 2124 3475 quam
2162 3383 2480 3454 narrari
2504 3385 2853 3458 videatur.

1054 3496 1487 3589 Hujusmodi
1525 3506 1633 3567 est
1668 3497 1846 3568 illud
1882 3499 2262 3570 Claudiani
2298 3501 2389 3571 de
2422 3501 2831 3595 triumpho„-

2081 3661 2261 3726 Talis
2288 3662 2370 3726 ab
2402 3663 2573 3727 Istro

1122 3760 1239 3824 Vel
1272 3759 1567 3849 Scythico
1594 3760 1796 3826 victor
1823 3763 2069 3829 rediens
2100 3764 2424 3830 Gradivus
2450 3766 2533 3829 ab
2559 3789 2699 3845 axe,

1123 3863 1431 3952 Deposito
1459 3862 1628 3928 mitis
1656 3863 1903 3952 clypeo,
1935 3866 2350 3932 candentibus
2378 3868 2601 3933 urbem

1126 3966 1496 4053 Ingreditur
1526 3966 1849 4032 trabeatus
1877 3969 2091 4055 equis:
2141 3969 2413 4057 spatiosa
2444 3971 2749 4049 Quirinus
2875 4020 2887 4026 ⁸
