3559 5575
471 156 535 219 180
810 154 932 218 PARS
957 152 1180 217 SECUNDA
1288 150 1401 216 Pnan.
1415 152 1530 218 XIII.

469 326 671 420 praeceptis,
697 325 826 419 quibus
851 325 1003 420 adjectis
1028 333 1092 395 aut
1114 324 1316 397 immutatis
1345 325 1531 418 pulchrior

469 440 573 511 fieret
589 449 653 511 aut
672 439 853 511 venustior
868 439 1046 511 imitatio:
1072 448 1150 510 tum
1174 439 1272 512 utin
1295 440 1446 536 singulis
1463 463 1530 512 ex-

470 554 596 647 emplis
622 554 712 648 quid
736 554 878 649 egregie
904 554 1162 649 excogitatum,
1189 554 1277 648 quid
1302 564 1439 628 temere
1463 556 1529 628 ad-

470 670 618 743 missum
643 681 970 741 commonstrarem.
1022 670 1203 753 Quoniam
1228 670 1341 765 igitur
1365 672 1403 742 in
1429 672 1528 743 hisce

470 785 654 858 tradendis
671 786 795 857 sedulo
816 796 870 857 est
887 796 1046 868 cautum,
1064 809 1110 856 ne
1128 795 1354 858 venustatem
1379 810 1462 881 quae
1486 788 1526 858 in

470 923 510 972 re
526 901 604 993 ipsa
620 900 752 972 inesset
769 900 961 971 imitatoris
981 900 1053 970 arti
1074 900 1281 983 tribuerem,
1298 924 1525 994 nequaquam

471 1018 517 1087 ab
542 1017 585 1087 iis
610 1016 784 1109 exemplis
810 1016 1061 1087 abstinendum
1088 1014 1191 1103 duxi,
1211 1038 1294 1108 quae
1317 1039 1374 1086 res
1400 1026 1526 1109 suapte

470 1144 602 1205 natura
618 1135 782 1227 pulchras
799 1143 864 1204 aut
880 1134 1069 1225 praeclaras
1085 1132 1282 1203 referrent:
1308 1153 1425 1224 neque
1445 1155 1526 1224 pro-

470 1247 566 1320 fecto
591 1248 622 1319 si
647 1248 817 1343 religione
842 1247 912 1319 ista
936 1271 994 1319 me
1015 1246 1227 1321 obstrictum
1250 1247 1458 1330 tenuissem,
1474 1247 1526 1319 sic

469 1364 648 1457 voluptati
664 1375 729 1436 aut
746 1364 932 1435 commodo
949 1363 1155 1435 auditorum
1172 1361 1301 1435 melius
1320 1364 1525 1435 consultum

469 1478 579 1550 fuisse
596 1479 758 1551 arbitror.

521 1594 636 1687 Atqui
666 1617 790 1665 eorum
819 1617 902 1687 quae
932 1617 1018 1664 mox
1048 1594 1093 1666 de
1123 1594 1324 1666 Affectibus
1359 1594 1526 1667 dicentur.

470 1706 541 1779 alia
558 1706 704 1778 omnino
721 1714 776 1778 est
792 1707 896 1779 ratio.
949 1708 1046 1790 Quid
1064 1706 1161 1778 enim
1183 1705 1284 1778 sitin
1308 1708 1525 1781 carminibus

470 1844 567 1894 nunc
584 1822 778 1894 videndum
801 1822 871 1895 erit
887 1823 985 1916 quod
1001 1823 1198 1919 legentium
1216 1824 1367 1895 affectus
1389 1834 1523 1910 teneat,

470 1939 566 2031 quod
583 1937 620 2013 in
639 1962 677 2009 re
694 1938 827 2033 defigat
844 1938 1017 2024 animum,
1034 1938 1132 2030 quod
1148 1960 1271 2009 sensus
1287 1962 1376 2030 quos
1394 1950 1525 2012 vocant

471 2055 624 2124 morales
652 2052 782 2137 irritet,
811 2062 965 2134 moveat,
990 2053 1171 2143 percellat,
1196 2052 1411 2145 eosdemque
1440 2077 1525 2146 pur·

470 2179 574 2263 gatos
587 2179 625 2239 et
638 2167 826 2240 dulcedine
839 2168 995 2260 quadam
1008 2166 1169 2258 perfusos
1182 2165 1355 2237 dimittat.
1381 2167 1524 2261 Quippe

470 2286 542 2356 huc
566 2293 704 2375 spectat
724 2279 820 2371 ἠθικὸν
841 2282 933 2353 illud
950 2281 1165 2367 Aristotelis,
1182 2304 1253 2375 quo
1279 2282 1310 2353 si
1334 2295 1441 2375 poeta
1466 2309 1525 2356 ca·

470 2410 559 2483 reat,
584 2384 782 2468 maximum
808 2397 842 2468 ei
867 2398 954 2468 artis
978 2397 1258 2468 instrumentum
1285 2398 1406 2471 deesse
1425 2401 1525 2495 judi·

471 2514 624 2585 candum
648 2521 714 2583 est.
765 2512 821 2583 Sit
837 2513 934 2583 enim
952 2514 1074 2584 fabula
1090 2512 1190 2583 omui
1206 2512 1377 2585 orationis
1393 2516 1525 2587 lenoci-

470 2629 532 2701 nio
548 2638 586 2700 et
603 2626 802 2698 carminum
825 2627 1004 2699 suavitate
1026 2628 1213 2711 instructa,
1230 2628 1383 2725 egregiis
1407 2634 1525 2723 splen-

470 2745 555 2817 deat
571 2741 867 2837 descriptionibus
883 2742 998 2837 ipsam
1018 2766 1139 2816 rerum
1156 2742 1346 2816 veritatem
1368 2747 1525 2820 referen-

470 2859 579 2948 tibus,
595 2861 643 2931 sit
660 2858 815 2952 denique
832 2859 943 2930 etiam
958 2859 1158 2954 imaginum
1175 2868 1213 2931 et
1229 2862 1523 2952 phantasmatum

457 2975 509 3047 'vi
533 2987 679 3058 ornata:
704 2975 773 3046 nisi
796 2975 943 3048 accedat
959 2998 1102 3068 quoque
1123 2976 1274 3059 facultas
1293 2976 1356 3048 illa
1371 3001 1455 3071 quae
1472 2979 1525 3050 af·
1662 2981 1668 2996 ’

470 3094 585 3166 fectus
608 3093 731 3176 trahit,
748 3116 770 3162 a
790 3114 931 3163 summo
954 3099 992 3162 et
1008 3091 1166 3183 perfecto
1189 3114 1322 3186 genere
1347 3093 1524 3165 scribendi

470 3210 578 3304 longe
602 3210 713 3281 abest.
765 3209 883 3291 Quam
910 3206 1037 3300 utique
1065 3206 1103 3276 in
1134 3207 1350 3279 sententiam
1377 3209 1525 3282 omnino

471 3324 568 3394 cedit
585 3323 711 3394 Critici
728 3324 884 3394 Romani
901 3322 1115 3394 auctoritas:

559 3441 634 3505 Non
649 3441 723 3505 satis
736 3453 784 3504 est
797 3440 932 3527 pulchra
944 3464 1010 3505 esse
1022 3456 1180 3528 poemata,
1194 3442 1302 3507 drdoio
1315 3456 1421 3521 sunto,

472 3554 575 3649 cujus
591 3552 687 3623 vocis
704 3552 769 3635 vis,
787 3551 818 3623 si
839 3551 899 3626 cui
917 3551 1029 3624 dubia
1044 3552 1220 3638 videatur,
1236 3555 1401 3648 sequenti
1418 3579 1525 3628 versu

471 3669 684 3750 declaratur,

559 3789 606 3853 Et
620 3809 811 3874 quocunque
824 3788 931 3852 volent
944 3788 1085 3852 animum
1099 3789 1252 3854 auditoris
1265 3804 1394 3876 agunto.

474 3899 595 3994 Hujus
612 3907 733 3970 autem
751 3898 803 3970 rei
820 3922 903 3970 cum
915 3898 962 3971 sit
975 3907 1078 3971 tanta
1088 3900 1154 3984 vis,
1163 3910 1202 3973 et
1214 3912 1290 3973 tam
1303 3903 1377 3974 late
1388 3911 1525 3994 pateat,

472 4026 551 4088 tum
569 4016 666 4088 haud
681 4015 907 4088 incommode
922 4015 971 4086 ad
986 4015 1056 4087 tria
1079 4016 1304 4107 potissimum
1326 4015 1447 4109 capita
1468 4040 1527 4088 re-
