3559 5575
104 524 145 587 lb

104 807 147 867 u'rr

104 1123 114 1175 l

104 2177 129 2206 l„

111 2254 118 2270 Γ

294 1071 590 1170 ORATIO
630 1075 1191 1190 INAUGURALIS;

704 1405 782 1447 eivs

462 1660 797 1738 PRAELECTIO
822 1661 1026 1737 PRIMA.

598 1956 883 2008 ...φ-

219 2151 289 2268 Sl
307 2193 368 2266 cui
380 2194 552 2281 vestrim,
564 2195 787 2281 Academici,
799 2197 837 2268 in
855 2207 1014 2268 mentem
1027 2197 1138 2280 venit,
1152 2220 1210 2268 me
1227 2197 1275 2269 ad

106 2279 127 2391 J
213 2311 311 2382 hunc
345 2312 517 2382 honorem
552 2313 794 2404 appetendum
830 2312 1069 2384 inconsultius
1101 2314 1275 2404 pauloet

212 2424 318 2517 quasi
342 2425 498 2519 juvenili
526 2426 683 2517 quodam
714 2427 840 2496 ardore
870 2425 981 2496 fuisse
1007 2424 1211 2507 incitatum,
1238 2435 1277 2495 et

111 2581 122 2620 ;
212 2550 363 2631 captum
380 2540 432 2609 rei
450 2539 688 2629 amplitudine
711 2541 848 2632 majora
872 2540 1058 2609 affectasse
1081 2561 1190 2631 quam
1213 2550 1277 2610 aut

104 2667 120 2726 l!
213 2653 404 2748 ingenium
422 2661 486 2723 aut
503 2661 592 2722 aetas
610 2674 692 2723 mea
710 2653 832 2736 senet,
849 2653 929 2747 ejus
951 2675 1038 2724 sane
1060 2653 1277 2724 sententiam

112 2789 118 2821 f
213 2792 334 2863 neque
351 2767 511 2861 iniquam
530 2792 605 2839 esse
622 2792 763 2862 queror,
781 2790 900 2862 neque
920 2793 941 2839 a
962 2791 1044 2840 mea
1064 2767 1176 2861 ipsius
1198 2792 1278 2841 sen·

104 2886 120 2927 ¹³
213 2884 331 2957 tentia
356 2882 503 2954 omnino
525 2884 690 2955 alienam.
742 2882 804 2955 Sin
830 2893 953 2955 autem
979 2884 1121 2954 adhoc
1145 2908 1277 2956 munus

213 3001 421 3074 obeundum
447 3022 505 3071 me
531 3024 656 3071 secoro
677 2999 784 3071 nimis
807 3010 844 3071 et
861 2998 934 3070 levi
950 2998 1071 3070 animo
1088 2999 1277 3072 accessisse

108 3107 115 3129 ”
213 3117 421 3199 arbitratur,
435 3130 544 3210 atque
561 3139 646 3187 eum
665 3138 723 3187 me
734 3138 812 3187 esse
823 3115 979 3209 judicat,
991 3114 1066 3209 qui,
1078 3116 1186 3187 modo
1196 3116 1277 3211 dig·

212 3233 367 3305 nitatem
397 3231 578 3324 arripiam,
605 3232 694 3326 quid
722 3241 826 3303 tanto
849 3230 984 3303 debinc
1008 3230 1162 3316 muneri,
1187 3232 1276 3326 quid

104 3402 106 3437 z
213 3348 314 3421 vobis
332 3348 400 3441 qui
422 3348 462 3418 id
486 3347 575 3418 mihi
598 3347 789 3430 detulistis,
806 3346 896 3440 quid
918 3347 1007 3417 mihi
1029 3348 1186 3443 denique
1206 3349 1275 3440 ipsi

104 3510 108 3535 2
213 3464 379 3548 debeam,
408 3460 447 3531 in
480 3470 664 3552 posterum
692 3460 852 3531 oblivisci
879 3461 1026 3553 possim,
1055 3461 1087 3531 is
1116 3462 1276 3553 profecto

104 3602 107 3634 ι
213 3600 331 3673 neque
349 3575 404 3649 sui
423 3576 559 3673 ingenii
578 3585 746 3647 naturam
766 3576 951 3647 liberalem
974 3598 1051 3647 esse
1073 3576 1221 3660 indicat,
1237 3590 1275 3651 et

104 3718 106 3727 ·
214 3716 358 3787 prorsus
374 3694 519 3789 ignorat
536 3714 669 3764 meum.
722 3691 871 3763 Etenim
889 3716 937 3763 ex
954 3692 1102 3787 quodie
1119 3704 1274 3767 vestram

214 3832 300 3907 ergo
326 3834 386 3882 me
416 3811 641 3881 voluntatem
669 3808 755 3880 satis
781 3810 1006 3900 exploratam
1031 3808 1154 3896 habui,
1175 3812 1273 3884 nulla

215 3948 273 3998 me
294 3949 456 4022 unquam
479 3948 566 3996 cura
588 3924 704 3997 acrior
727 3936 791 3997 aut
812 3924 1034 3997 constantior
1058 3926 1274 4011 sollicitavit,

215 4062 322 4133 quam
340 4042 397 4113 uti
409 4050 529 4112 vestra
546 4041 693 4113 demum
710 4040 961 4113 benevolentia
977 4040 1116 4133 aliquid
1132 4063 1203 4111 non
1220 4042 1276 4112 in·

216 4152 365 4249 dignum
379 4156 597 4249 proferrem
618 4178 665 4228 ue
682 4165 785 4227 tanto
800 4154 1043 4227 honestissimi
1059 4154 1277 4249 gravisdmi·

217 4289 286 4360 que
302 4272 438 4343 ordinis
455 4272 627 4345 beneficio
642 4271 778 4367 gratias
790 4272 906 4343 solum
919 4268 1125 4362 rependisse
1136 4268 1277 4339 viderer

219 4382 321 4477 (quas
333 4388 480 4480 quidem
498 4389 675 4464 maximas
692 4388 807 4459 habeo
819 4398 858 4459 et
871 4386 1010 4457 habebo
1027 4383 1277 4477 sempiternas)

730 4520 754 4569 n
