<?xml version="1.0" encoding="UTF-8"?>
<!DOCTYPE html PUBLIC "-//W3C//DTD XHTML 1.0 Transitional//EN"
    "http://www.w3.org/TR/xhtml1/DTD/xhtml1-transitional.dtd">
<html xmlns="http://www.w3.org/1999/xhtml" xml:lang="en" lang="en">
 <head>
  <title>
</title>
<meta http-equiv="Content-Type" content="text/html;charset=utf-8" />
  <meta name='ocr-system' content='tesseract 3.04.00' />
  <meta name='ocr-capabilities' content='ocr_page ocr_carea ocr_par ocr_line ocrx_word'/>
</head>
<body>
  <div class='ocr_page' id='page_1' title='image "./praelectionesac00coplgoog/praelectionesac00coplgoog_0134.png"; bbox 0 0 3559 5575; ppageno 0'>
   <div class='ocr_carea' id='block_1_1' title="bbox 516 109 2633 187">
    <p class='ocr_par' dir='ltr' id='par_1_1' title="bbox 516 109 2633 187">
     <span class='ocr_line' id='line_1_1' title="bbox 516 109 2633 187; baseline 0.006 -16"><span class='ocrx_word' id='word_1_1' title='bbox 516 109 746 174; x_wconf 72' lang='lat' dir='ltr'><strong>Pam..</strong></span> <span class='ocrx_word' id='word_1_2' title='bbox 778 110 982 176; x_wconf 88' lang='lat' dir='ltr'><strong>VIII.</strong></span> <span class='ocrx_word' id='word_1_3' title='bbox 1167 110 1300 175; x_wconf 90' lang='lat' dir='ltr'><strong>DE</strong></span> <span class='ocrx_word' id='word_1_4' title='bbox 1348 111 1980 178; x_wconf 86' lang='lat' dir='ltr'><strong>IMITATIONE.</strong></span> <span class='ocrx_word' id='word_1_5' title='bbox 2503 116 2633 187; x_wconf 86' lang='lat'><strong>119</strong></span> 
     </span>
    </p>
   </div>
   <div class='ocr_carea' id='block_1_2' title="bbox 507 282 2629 1839">
    <p class='ocr_par' dir='ltr' id='par_1_2' title="bbox 507 282 2629 1071">
     <span class='ocr_line' id='line_1_2' title="bbox 613 282 2628 381; baseline 0.003 -27"><span class='ocrx_word' id='word_1_6' title='bbox 613 282 984 378; x_wconf 84' lang='lat' dir='ltr'><strong>Insignem</strong></span> <span class='ocrx_word' id='word_1_7' title='bbox 1033 306 1188 356; x_wconf 88' lang='lat' dir='ltr'><strong>esse</strong></span> <span class='ocrx_word' id='word_1_8' title='bbox 1238 284 1435 356; x_wconf 86' lang='lat' dir='ltr'><strong>illam</strong></span> <span class='ocrx_word' id='word_1_9' title='bbox 1480 283 1556 355; x_wconf 91' lang='lat' dir='ltr'><strong>in</strong></span> <span class='ocrx_word' id='word_1_10' title='bbox 1599 284 1835 356; x_wconf 81' lang='lat' dir='ltr'><strong>Statio</strong></span> <span class='ocrx_word' id='word_1_11' title='bbox 1869 285 2215 356; x_wconf 79' lang='lat' dir='ltr'><strong>virtutem</strong></span> <span class='ocrx_word' id='word_1_12' title='bbox 2252 285 2413 381; x_wconf 88' lang='lat' dir='ltr'><strong>jam</strong></span> <span class='ocrx_word' id='word_1_13' title='bbox 2459 298 2628 360; x_wconf 88' lang='lat' dir='ltr'><strong>ante</strong></span> 
     </span>
     <span class='ocr_line' id='line_1_3' title="bbox 507 398 2628 493; baseline 0.002 -23"><span class='ocrx_word' id='word_1_14' title='bbox 507 399 739 492; x_wconf 87' lang='lat' dir='ltr'><strong>posui,</strong></span> <span class='ocrx_word' id='word_1_15' title='bbox 774 408 859 471; x_wconf 91' lang='lat' dir='ltr'><strong>ut</strong></span> <span class='ocrx_word' id='word_1_16' title='bbox 891 422 1055 493; x_wconf 87' lang='lat' dir='ltr'><strong>quae</strong></span> <span class='ocrx_word' id='word_1_17' title='bbox 1087 398 1166 469; x_wconf 90' lang='lat' dir='ltr'><strong>in</strong></span> <span class='ocrx_word' id='word_1_18' title='bbox 1201 410 1463 471; x_wconf 88' lang='lat' dir='ltr'><strong>natura</strong></span> <span class='ocrx_word' id='word_1_19' title='bbox 1494 422 1734 470; x_wconf 90' lang='lat' dir='ltr'><strong>rerum</strong></span> <span class='ocrx_word' id='word_1_20' title='bbox 1771 400 2071 471; x_wconf 85' lang='lat' dir='ltr'><strong>confusa</strong></span> <span class='ocrx_word' id='word_1_21' title='bbox 2092 401 2348 492; x_wconf 86' lang='lat' dir='ltr'><strong>jacent</strong></span> <span class='ocrx_word' id='word_1_22' title='bbox 2380 412 2628 475; x_wconf 88' lang='lat' dir='ltr'><strong>cernat</strong></span> 
     </span>
     <span class='ocr_line' id='line_1_4' title="bbox 507 515 2629 611; baseline 0.002 -25"><span class='ocrx_word' id='word_1_23' title='bbox 507 515 794 608; x_wconf 87' lang='lat' dir='ltr'><strong>penitus</strong></span> <span class='ocrx_word' id='word_1_24' title='bbox 845 525 921 586; x_wconf 89' lang='lat' dir='ltr'><strong>et</strong></span> <span class='ocrx_word' id='word_1_25' title='bbox 970 515 1409 611; x_wconf 57' lang='lat' dir='ltr'><strong>distinguam</strong></span> <span class='ocrx_word' id='word_1_26' title='bbox 1461 526 1538 587; x_wconf 92' lang='lat' dir='ltr'><strong>et</strong></span> <span class='ocrx_word' id='word_1_27' title='bbox 1572 515 1633 587; x_wconf 92' lang='lat' dir='ltr'><strong>si</strong></span> <span class='ocrx_word' id='word_1_28' title='bbox 1676 539 1843 610; x_wconf 86' lang='lat' dir='ltr'><strong>quae</strong></span> <span class='ocrx_word' id='word_1_29' title='bbox 1878 515 2025 587; x_wconf 88' lang='lat' dir='ltr'><strong>sint</strong></span> <span class='ocrx_word' id='word_1_30' title='bbox 2057 517 2340 588; x_wconf 86' lang='lat' dir='ltr'><strong>caeteris</strong></span> <span class='ocrx_word' id='word_1_31' title='bbox 2374 520 2629 611; x_wconf 88' lang='lat' dir='ltr'><strong>proba·</strong></span> 
     </span>
     <span class='ocr_line' id='line_1_5' title="bbox 509 631 2628 731; baseline 0.002 -29"><span class='ocrx_word' id='word_1_32' title='bbox 509 631 715 714; x_wconf 86' lang='lat' dir='ltr'><strong>tiora,</strong></span> <span class='ocrx_word' id='word_1_33' title='bbox 749 640 958 702; x_wconf 87' lang='lat' dir='ltr'><strong>eruat</strong></span> <span class='ocrx_word' id='word_1_34' title='bbox 990 633 1150 710; x_wconf 82' lang='lat' dir='ltr'><strong>haec</strong></span> <span class='ocrx_word' id='word_1_35' title='bbox 1182 655 1224 702; x_wconf 91' lang='lat' dir='ltr'><strong>e</strong></span> <span class='ocrx_word' id='word_1_36' title='bbox 1257 633 1473 704; x_wconf 88' lang='lat' dir='ltr'><strong>turba</strong></span> <span class='ocrx_word' id='word_1_37' title='bbox 1505 642 1725 725; x_wconf 88' lang='lat' dir='ltr'><strong>atque</strong></span> <span class='ocrx_word' id='word_1_38' title='bbox 1770 632 2087 731; x_wconf 85' lang='lat' dir='ltr'><strong>eminere</strong></span> <span class='ocrx_word' id='word_1_39' title='bbox 2130 633 2375 705; x_wconf 85' lang='lat' dir='ltr'><strong>faciat.</strong></span> <span class='ocrx_word' id='word_1_40' title='bbox 2477 636 2628 706; x_wconf 93' lang='lat' dir='ltr'><strong>Ne-</strong></span> 
     </span>
     <span class='ocr_line' id='line_1_6' title="bbox 509 745 2626 843; baseline 0.002 -26"><span class='ocrx_word' id='word_1_41' title='bbox 509 769 649 840; x_wconf 89' lang='lat' dir='ltr'><strong>que</strong></span> <span class='ocrx_word' id='word_1_42' title='bbox 685 745 959 817; x_wconf 87' lang='lat' dir='ltr'><strong>meliori</strong></span> <span class='ocrx_word' id='word_1_43' title='bbox 1000 769 1318 840; x_wconf 88' lang='lat' dir='ltr'><strong>unquam</strong></span> <span class='ocrx_word' id='word_1_44' title='bbox 1368 747 1670 843; x_wconf 88' lang='lat' dir='ltr'><strong>augurio</strong></span> <span class='ocrx_word' id='word_1_45' title='bbox 1715 770 1881 818; x_wconf 90' lang='lat' dir='ltr'><strong>eum</strong></span> <span class='ocrx_word' id='word_1_46' title='bbox 1931 750 2125 820; x_wconf 90' lang='lat' dir='ltr'><strong>hunc</strong></span> <span class='ocrx_word' id='word_1_47' title='bbox 2169 760 2348 842; x_wconf 88' lang='lat' dir='ltr'><strong>puto</strong></span> <span class='ocrx_word' id='word_1_48' title='bbox 2392 751 2626 822; x_wconf 90' lang='lat' dir='ltr'><strong>delec-</strong></span> 
     </span>
     <span class='ocr_line' id='line_1_7' title="bbox 508 861 2625 955; baseline 0.002 -25"><span class='ocrx_word' id='word_1_49' title='bbox 508 870 673 930; x_wconf 91' lang='lat' dir='ltr'><strong>tum</strong></span> <span class='ocrx_word' id='word_1_50' title='bbox 707 861 1061 945; x_wconf 87' lang='lat' dir='ltr'><strong>habuisse,</strong></span> <span class='ocrx_word' id='word_1_51' title='bbox 1097 884 1313 955; x_wconf 87' lang='lat' dir='ltr'><strong>quam</strong></span> <span class='ocrx_word' id='word_1_52' title='bbox 1346 862 1422 932; x_wconf 92' lang='lat' dir='ltr'><strong>in</strong></span> <span class='ocrx_word' id='word_1_53' title='bbox 1460 862 1810 955; x_wconf 88' lang='lat' dir='ltr'><strong>Epicedio</strong></span> <span class='ocrx_word' id='word_1_54' title='bbox 1845 865 1935 934; x_wconf 91' lang='lat' dir='ltr'><strong>ob</strong></span> <span class='ocrx_word' id='word_1_55' title='bbox 1983 874 2291 936; x_wconf 89' lang='lat' dir='ltr'><strong>mortem</strong></span> <span class='ocrx_word' id='word_1_56' title='bbox 2338 863 2469 936; x_wconf 86' lang='lat' dir='ltr'><strong>filii</strong></span> <span class='ocrx_word' id='word_1_57' title='bbox 2510 864 2625 935; x_wconf 91' lang='lat' dir='ltr'><strong>in-</strong></span> 
     </span>
     <span class='ocr_line' id='line_1_8' title="bbox 508 975 1236 1071; baseline 0.001 -25"><span class='ocrx_word' id='word_1_58' title='bbox 508 975 731 1047; x_wconf 85' lang='lat' dir='ltr'><strong>fantis</strong></span> <span class='ocrx_word' id='word_1_59' title='bbox 765 992 984 1071; x_wconf 88' lang='lat' dir='ltr'><strong>atque</strong></span> <span class='ocrx_word' id='word_1_60' title='bbox 1018 977 1236 1047; x_wconf 89' lang='lat' dir='ltr'><strong>unici.</strong></span> 
     </span>
    </p>

    <p class='ocr_par' dir='ltr' id='par_1_3' title="bbox 602 1138 2341 1226">
     <span class='ocr_line' id='line_1_9' title="bbox 602 1138 2341 1226; baseline 0.002 -26"><span class='ocrx_word' id='word_1_61' title='bbox 602 1191 611 1199; x_wconf 87' lang='lat'><strong>.</strong></span> <span class='ocrx_word' id='word_1_62' title='bbox 685 1139 922 1202; x_wconf 87' lang='lat' dir='ltr'><strong>Nonne</strong></span> <span class='ocrx_word' id='word_1_63' title='bbox 947 1160 1198 1226; x_wconf 85' lang='lat' dir='ltr'><strong>gemam</strong></span> <span class='ocrx_word' id='word_1_64' title='bbox 1231 1150 1318 1217; x_wconf 88' lang='lat' dir='ltr'><strong>te,</strong></span> <span class='ocrx_word' id='word_1_65' title='bbox 1350 1160 1492 1202; x_wconf 86' lang='lat' dir='ltr'><strong>care</strong></span> <span class='ocrx_word' id='word_1_66' title='bbox 1518 1161 1700 1226; x_wconf 90' lang='lat' dir='ltr'><strong>puer,</strong></span> <span class='ocrx_word' id='word_1_67' title='bbox 1732 1161 1866 1225; x_wconf 89' lang='lat' dir='ltr'><strong>quo</strong></span> <span class='ocrx_word' id='word_1_68' title='bbox 1895 1138 2130 1225; x_wconf 84' lang='lat' dir='ltr'><strong>sospite</strong></span> <span class='ocrx_word' id='word_1_69' title='bbox 2157 1154 2341 1205; x_wconf 84' lang='lat' dir='ltr'><strong>natos</strong></span> 
     </span>
    </p>

    <p class='ocr_par' dir='ltr' id='par_1_4' title="bbox 678 1239 2473 1839">
     <span class='ocr_line' id='line_1_10' title="bbox 682 1239 2309 1328; baseline 0.001 -24"><span class='ocrx_word' id='word_1_70' title='bbox 682 1241 832 1305; x_wconf 91' lang='lat' dir='ltr'><strong>Non</strong></span> <span class='ocrx_word' id='word_1_71' title='bbox 865 1240 1084 1327; x_wconf 84' lang='lat' dir='ltr'><strong>cupii?</strong></span> <span class='ocrx_word' id='word_1_72' title='bbox 1129 1240 1335 1328; x_wconf 89' lang='lat' dir='ltr'><strong>primo</strong></span> <span class='ocrx_word' id='word_1_73' title='bbox 1361 1240 1673 1328; x_wconf 84' lang='lat' dir='ltr'><strong>gemitum</strong></span> <span class='ocrx_word' id='word_1_74' title='bbox 1700 1239 1816 1327; x_wconf 88' lang='lat' dir='ltr'><strong>qui</strong></span> <span class='ocrx_word' id='word_1_75' title='bbox 1842 1239 2134 1327; x_wconf 88' lang='lat' dir='ltr'><strong>protinus</strong></span> <span class='ocrx_word' id='word_1_76' title='bbox 2162 1255 2309 1305; x_wconf 90' lang='lat' dir='ltr'><strong>ortu</strong></span> 
     </span>
     <span class='ocr_line' id='line_1_11' title="bbox 683 1342 2283 1430; baseline -0.001 -22"><span class='ocrx_word' id='word_1_77' title='bbox 683 1342 1033 1430; x_wconf 88' lang='lat' dir='ltr'><strong>Implicuit‚</strong></span> <span class='ocrx_word' id='word_1_78' title='bbox 1060 1342 1331 1430; x_wconf 85' lang='lat' dir='ltr'><strong>fixitque</strong></span> <span class='ocrx_word' id='word_1_79' title='bbox 1358 1342 1552 1408; x_wconf 82' lang='lat' dir='ltr'><strong>mihi:</strong></span> <span class='ocrx_word' id='word_1_80' title='bbox 1598 1342 1703 1408; x_wconf 87' lang='lat' dir='ltr'><strong>cui</strong></span> <span class='ocrx_word' id='word_1_81' title='bbox 1730 1343 1945 1422; x_wconf 77' lang='lat' dir='ltr'><strong>verba,</strong></span> <span class='ocrx_word' id='word_1_82' title='bbox 1971 1364 2283 1429; x_wconf 83' lang='lat' dir='ltr'><strong>sonosque</strong></span> 
     </span>
     <span class='ocr_line' id='line_1_12' title="bbox 679 1442 2473 1533; baseline -0.002 -25"><span class='ocrx_word' id='word_1_83' title='bbox 679 1444 1042 1509; x_wconf 85' lang='lat' dir='ltr'><strong>Monstravi</strong></span> <span class='ocrx_word' id='word_1_84' title='bbox 1072 1458 1465 1533; x_wconf 84' lang='lat' dir='ltr'><strong>questusque</strong></span> <span class='ocrx_word' id='word_1_85' title='bbox 1491 1458 1554 1510; x_wconf 87' lang='lat' dir='ltr'><strong>et</strong></span> <span class='ocrx_word' id='word_1_86' title='bbox 1581 1443 1847 1509; x_wconf 87' lang='lat' dir='ltr'><strong>vulnera</strong></span> <span class='ocrx_word' id='word_1_87' title='bbox 1872 1466 2039 1508; x_wconf 79' lang='lat' dir='ltr'><strong>caeca</strong></span> <span class='ocrx_word' id='word_1_88' title='bbox 2066 1442 2405 1508; x_wconf 85' lang='lat' dir='ltr'><strong>resolvens.</strong></span> <span class='ocrx_word' id='word_1_89' title='bbox 2470 1502 2473 1504; x_wconf 75' lang='grc'>,</span> 
     </span>
     <span class='ocr_line' id='line_1_13' title="bbox 679 1544 2307 1635; baseline -0.001 -25"><span class='ocrx_word' id='word_1_90' title='bbox 679 1547 1193 1635; x_wconf 87' lang='lat' dir='ltr'><strong>Reptantemque</strong></span> <span class='ocrx_word' id='word_1_91' title='bbox 1222 1544 1357 1612; x_wconf 83' lang='lat' dir='ltr'><strong>solo</strong></span> <span class='ocrx_word' id='word_1_92' title='bbox 1387 1546 1696 1611; x_wconf 85' lang='lat' dir='ltr'><strong>demissus</strong></span> <span class='ocrx_word' id='word_1_93' title='bbox 1722 1545 1805 1610; x_wconf 84' lang='lat' dir='ltr'><strong>ad</strong></span> <span class='ocrx_word' id='word_1_94' title='bbox 1836 1544 2050 1610; x_wconf 89' lang='lat' dir='ltr'><strong>oscula</strong></span> <span class='ocrx_word' id='word_1_95' title='bbox 2080 1544 2307 1610; x_wconf 84' lang='lat' dir='ltr'><strong>dextra</strong></span> 
     </span>
     <span class='ocr_line' id='line_1_14' title="bbox 678 1648 2225 1737; baseline 0 -25"><span class='ocrx_word' id='word_1_96' title='bbox 678 1649 900 1729; x_wconf 83' lang='lat' dir='ltr'><strong>Erexi,</strong></span> <span class='ocrx_word' id='word_1_97' title='bbox 927 1650 1292 1737; x_wconf 88' lang='lat' dir='ltr'><strong>blandoque</strong></span> <span class='ocrx_word' id='word_1_98' title='bbox 1320 1648 1463 1714; x_wconf 87' lang='lat' dir='ltr'><strong>sinu</strong></span> <span class='ocrx_word' id='word_1_99' title='bbox 1482 1649 1618 1736; x_wconf 89' lang='lat' dir='ltr'><strong>jam</strong></span> <span class='ocrx_word' id='word_1_100' title='bbox 1639 1648 1906 1736; x_wconf 89' lang='lat' dir='ltr'><strong>jamque</strong></span> <span class='ocrx_word' id='word_1_101' title='bbox 1934 1661 2225 1712; x_wconf 81' lang='lat' dir='ltr'><strong>natantes</strong></span> 
     </span>
     <span class='ocr_line' id='line_1_15' title="bbox 681 1750 2255 1839; baseline -0.001 -24"><span class='ocrx_word' id='word_1_102' title='bbox 681 1751 999 1817; x_wconf 69' lang='lat' dir='ltr'><strong>Exeruere</strong></span> <span class='ocrx_word' id='word_1_103' title='bbox 1026 1774 1240 1839; x_wconf 74' lang='lat' dir='ltr'><strong>genaS,</strong></span> <span class='ocrx_word' id='word_1_104' title='bbox 1267 1750 1612 1838; x_wconf 84' lang='lat' dir='ltr'><strong>dulcesque</strong></span> <span class='ocrx_word' id='word_1_105' title='bbox 1640 1773 1953 1815; x_wconf 74' lang='lat' dir='ltr'><strong>accersere</strong></span> <span class='ocrx_word' id='word_1_106' title='bbox 1980 1772 2255 1815; x_wconf 78' lang='lat' dir='ltr'><strong>somnos.</strong></span> 
     </span>
    </p>
   </div>
   <div class='ocr_carea' id='block_1_3' title="bbox 682 1849 2333 2041">
    <p class='ocr_par' dir='ltr' id='par_1_5' title="bbox 682 1849 2333 2041">
     <span class='ocr_line' id='line_1_16' title="bbox 682 1849 2333 1940; baseline -0.001 -24"><span class='ocrx_word' id='word_1_107' title='bbox 682 1853 809 1917; x_wconf 87' lang='lat' dir='ltr'><strong>Cui</strong></span> <span class='ocrx_word' id='word_1_108' title='bbox 835 1876 1064 1919; x_wconf 85' lang='lat' dir='ltr'><strong>nomen</strong></span> <span class='ocrx_word' id='word_1_109' title='bbox 1093 1877 1219 1918; x_wconf 83' lang='lat' dir='ltr'><strong>vox</strong></span> <span class='ocrx_word' id='word_1_110' title='bbox 1248 1853 1456 1940; x_wconf 86' lang='lat' dir='ltr'><strong>prima</strong></span> <span class='ocrx_word' id='word_1_111' title='bbox 1482 1875 1719 1930; x_wconf 90' lang='lat' dir='ltr'><strong>meum,</strong></span> <span class='ocrx_word' id='word_1_112' title='bbox 1748 1850 2071 1939; x_wconf 90' lang='lat' dir='ltr'><strong>ludusque</strong></span> <span class='ocrx_word' id='word_1_113' title='bbox 2101 1849 2333 1915; x_wconf 90' lang='lat' dir='ltr'><strong>tenello</strong></span> 
     </span>
     <span class='ocr_line' id='line_1_17' title="bbox 684 1952 2181 2041; baseline -0.001 -23"><span class='ocrx_word' id='word_1_114' title='bbox 684 1954 904 2034; x_wconf 82' lang='lat' dir='ltr'><strong>Risus,</strong></span> <span class='ocrx_word' id='word_1_115' title='bbox 936 1970 1003 2021; x_wconf 88' lang='lat' dir='ltr'><strong>et</strong></span> <span class='ocrx_word' id='word_1_116' title='bbox 1029 1979 1066 2019; x_wconf 89' lang='lat' dir='ltr'><strong>e</strong></span> <span class='ocrx_word' id='word_1_117' title='bbox 1091 1968 1308 2020; x_wconf 87' lang='lat' dir='ltr'><strong>nostro</strong></span> <span class='ocrx_word' id='word_1_118' title='bbox 1338 1952 1675 2019; x_wconf 88' lang='lat' dir='ltr'><strong>veniebant</strong></span> <span class='ocrx_word' id='word_1_119' title='bbox 1702 1953 1942 2041; x_wconf 85' lang='lat' dir='ltr'><strong>gaudia</strong></span> <span class='ocrx_word' id='word_1_120' title='bbox 1968 1953 2181 2017; x_wconf 83' lang='lat' dir='ltr'><strong>vultu.</strong></span> 
     </span>
    </p>
   </div>
   <div class='ocr_carea' id='block_1_4' title="bbox 497 2120 2630 3727">
    <p class='ocr_par' dir='ltr' id='par_1_6' title="bbox 615 2120 2630 2216">
     <span class='ocr_line' id='line_1_18' title="bbox 615 2120 2630 2216; baseline 0.001 -24"><span class='ocrx_word' id='word_1_121' title='bbox 615 2123 861 2195; x_wconf 86' lang='lat' dir='ltr'><strong>Tanta</strong></span> <span class='ocrx_word' id='word_1_122' title='bbox 891 2132 1004 2195; x_wconf 90' lang='lat' dir='ltr'><strong>est</strong></span> <span class='ocrx_word' id='word_1_123' title='bbox 1025 2123 1103 2194; x_wconf 90' lang='lat' dir='ltr'><strong>in</strong></span> <span class='ocrx_word' id='word_1_124' title='bbox 1134 2123 1514 2216; x_wconf 80' lang='lat' dir='ltr'><strong>postremis</strong></span> <span class='ocrx_word' id='word_1_125' title='bbox 1538 2121 1861 2193; x_wconf 85' lang='lat' dir='ltr'><strong>versibus</strong></span> <span class='ocrx_word' id='word_1_126' title='bbox 1894 2120 2255 2215; x_wconf 77' lang='lat' dir='ltr'><strong>elegantia</strong></span> <span class='ocrx_word' id='word_1_127' title='bbox 2287 2143 2373 2192; x_wconf 87' lang='lat' dir='ltr'><strong>ac</strong></span> <span class='ocrx_word' id='word_1_128' title='bbox 2404 2122 2630 2194; x_wconf 79' lang='lat' dir='ltr'><strong>subti-</strong></span> 
     </span>
    </p>

    <p class='ocr_par' dir='ltr' id='par_1_7' title="bbox 497 2234 2630 3727">
     <span class='ocr_line' id='line_1_19' title="bbox 509 2234 2619 2330; baseline 0 -23"><span class='ocrx_word' id='word_1_129' title='bbox 509 2236 698 2321; x_wconf 87' lang='lat' dir='ltr'><strong>litas,</strong></span> <span class='ocrx_word' id='word_1_130' title='bbox 732 2248 817 2309; x_wconf 91' lang='lat' dir='ltr'><strong>ut</strong></span> <span class='ocrx_word' id='word_1_131' title='bbox 853 2236 1072 2330; x_wconf 88' lang='lat' dir='ltr'><strong>(sicut</strong></span> <span class='ocrx_word' id='word_1_132' title='bbox 1106 2237 1197 2307; x_wconf 90' lang='lat' dir='ltr'><strong>de</strong></span> <span class='ocrx_word' id='word_1_133' title='bbox 1231 2236 1597 2307; x_wconf 85' lang='lat' dir='ltr'><strong>Parrhasii</strong></span> <span class='ocrx_word' id='word_1_134' title='bbox 1627 2234 1927 2328; x_wconf 88' lang='lat' dir='ltr'><strong>picturis</strong></span> <span class='ocrx_word' id='word_1_135' title='bbox 1962 2234 2130 2306; x_wconf 89' lang='lat' dir='ltr'><strong>olim</strong></span> <span class='ocrx_word' id='word_1_136' title='bbox 2168 2234 2442 2307; x_wconf 85' lang='lat' dir='ltr'><strong>dictum</strong></span> <span class='ocrx_word' id='word_1_137' title='bbox 2477 2235 2619 2328; x_wconf 88' lang='lat' dir='ltr'><strong>est)</strong></span> 
     </span>
     <span class='ocr_line' id='line_1_20' title="bbox 509 2349 2629 2444; baseline 0.001 -21"><span class='ocrx_word' id='word_1_138' title='bbox 509 2361 556 2393; x_wconf 76' lang='lat'><strong>‘⁴</strong></span> <span class='ocrx_word' id='word_1_139' title='bbox 588 2352 863 2424; x_wconf 89' lang='lat' dir='ltr'><strong>ambire</strong></span> <span class='ocrx_word' id='word_1_140' title='bbox 899 2376 977 2424; x_wconf 92' lang='lat' dir='ltr'><strong>se</strong></span> <span class='ocrx_word' id='word_1_141' title='bbox 1009 2352 1343 2423; x_wconf 80' lang='lat' dir='ltr'><strong>videatur</strong></span> <span class='ocrx_word' id='word_1_142' title='bbox 1373 2350 1799 2423; x_wconf 84' lang='lat' dir='ltr'><strong>extremitas</strong></span> <span class='ocrx_word' id='word_1_143' title='bbox 1832 2349 2009 2444; x_wconf 89' lang='lat' dir='ltr'><strong>ipsa,</strong></span> <span class='ocrx_word' id='word_1_144' title='bbox 2044 2360 2118 2422; x_wconf 91' lang='lat' dir='ltr'><strong>et</strong></span> <span class='ocrx_word' id='word_1_145' title='bbox 2152 2350 2256 2422; x_wconf 88' lang='lat' dir='ltr'><strong>sic</strong></span> <span class='ocrx_word' id='word_1_146' title='bbox 2301 2350 2629 2425; x_wconf 86' lang='lat' dir='ltr'><strong>desinere</strong></span> 
     </span>
     <span class='ocr_line' id='line_1_21' title="bbox 506 2465 2630 2561; baseline -0 -21"><span class='ocrx_word' id='word_1_147' title='bbox 506 2479 553 2511; x_wconf 78' lang='lat'><strong>‘⁶</strong></span> <span class='ocrx_word' id='word_1_148' title='bbox 586 2478 673 2539; x_wconf 91' lang='lat' dir='ltr'><strong>ut</strong></span> <span class='ocrx_word' id='word_1_149' title='bbox 703 2469 1085 2561; x_wconf 87' lang='lat' dir='ltr'><strong>promittat</strong></span> <span class='ocrx_word' id='word_1_150' title='bbox 1118 2467 1260 2539; x_wconf 87' lang='lat' dir='ltr'><strong>alia</strong></span> <span class='ocrx_word' id='word_1_151' title='bbox 1297 2477 1462 2559; x_wconf 89' lang='lat' dir='ltr'><strong>post</strong></span> <span class='ocrx_word' id='word_1_152' title='bbox 1502 2491 1604 2553; x_wconf 90' lang='lat' dir='ltr'><strong>se,</strong></span> <span class='ocrx_word' id='word_1_153' title='bbox 1641 2468 2117 2560; x_wconf 83' lang='lat' dir='ltr'><strong>ostendatque</strong></span> <span class='ocrx_word' id='word_1_154' title='bbox 2162 2465 2386 2537; x_wconf 89' lang='lat' dir='ltr'><strong>etiam</strong></span> <span class='ocrx_word' id='word_1_155' title='bbox 2432 2467 2630 2561; x_wconf 87' lang='lat' dir='ltr'><strong>quod</strong></span> 
     </span>
     <span class='ocr_line' id='line_1_22' title="bbox 505 2583 2626 2678; baseline 0 -22"><span class='ocrx_word' id='word_1_156' title='bbox 505 2595 550 2628; x_wconf 76' lang='lat'><strong>‘⁶</strong></span> <span class='ocrx_word' id='word_1_157' title='bbox 584 2586 962 2657; x_wconf 59' lang='lat' dir='ltr'><strong>occultat?</strong></span> <span class='ocrx_word' id='word_1_158' title='bbox 1059 2584 1320 2678; x_wconf 91' lang='lat' dir='ltr'><strong>Neque</strong></span> <span class='ocrx_word' id='word_1_159' title='bbox 1353 2583 1474 2655; x_wconf 92' lang='lat' dir='ltr'><strong>hic</strong></span> <span class='ocrx_word' id='word_1_160' title='bbox 1514 2606 1631 2656; x_wconf 90' lang='lat' dir='ltr'><strong>me</strong></span> <span class='ocrx_word' id='word_1_161' title='bbox 1678 2583 1873 2678; x_wconf 83' lang='lat' dir='ltr'><strong>fugit</strong></span> <span class='ocrx_word' id='word_1_162' title='bbox 1903 2583 2296 2674; x_wconf 86' lang='lat' dir='ltr'><strong>plurimum</strong></span> <span class='ocrx_word' id='word_1_163' title='bbox 2346 2605 2499 2656; x_wconf 86' lang='lat' dir='ltr'><strong>esse</strong></span> <span class='ocrx_word' id='word_1_164' title='bbox 2548 2583 2626 2655; x_wconf 88' lang='lat' dir='ltr'><strong>in</strong></span> 
     </span>
     <span class='ocr_line' id='line_1_23' title="bbox 503 2697 2626 2795; baseline -0 -24"><span class='ocrx_word' id='word_1_165' title='bbox 503 2701 746 2772; x_wconf 90' lang='lat' dir='ltr'><strong>dolore</strong></span> <span class='ocrx_word' id='word_1_166' title='bbox 795 2700 1021 2795; x_wconf 89' lang='lat' dir='ltr'><strong>patris</strong></span> <span class='ocrx_word' id='word_1_167' title='bbox 1069 2699 1426 2794; x_wconf 87' lang='lat' dir='ltr'><strong>positum;</strong></span> <span class='ocrx_word' id='word_1_168' title='bbox 1478 2721 1694 2793; x_wconf 91' lang='lat' dir='ltr'><strong>quem</strong></span> <span class='ocrx_word' id='word_1_169' title='bbox 1741 2707 2008 2770; x_wconf 88' lang='lat' dir='ltr'><strong>natura</strong></span> <span class='ocrx_word' id='word_1_170' title='bbox 2048 2697 2233 2769; x_wconf 88' lang='lat' dir='ltr'><strong>duce</strong></span> <span class='ocrx_word' id='word_1_171' title='bbox 2268 2698 2515 2770; x_wconf 90' lang='lat' dir='ltr'><strong>decuit</strong></span> <span class='ocrx_word' id='word_1_172' title='bbox 2547 2700 2626 2771; x_wconf 88' lang='lat' dir='ltr'><strong>in</strong></span> 
     </span>
     <span class='ocr_line' id='line_1_24' title="bbox 505 2815 2628 2912; baseline -0.001 -23"><span class='ocrx_word' id='word_1_173' title='bbox 505 2817 791 2912; x_wconf 81' lang='lat' dir='ltr'><strong>sing-ula</strong></span> <span class='ocrx_word' id='word_1_174' title='bbox 833 2817 1215 2912; x_wconf 83' lang='lat' dir='ltr'><strong>diligenter</strong></span> <span class='ocrx_word' id='word_1_175' title='bbox 1253 2839 1662 2898; x_wconf 85' lang='lat' dir='ltr'><strong>excurrere,</strong></span> <span class='ocrx_word' id='word_1_176' title='bbox 1695 2825 1772 2886; x_wconf 92' lang='lat' dir='ltr'><strong>et</strong></span> <span class='ocrx_word' id='word_1_177' title='bbox 1803 2815 1964 2885; x_wconf 83' lang='lat' dir='ltr'><strong>fuse</strong></span> <span class='ocrx_word' id='word_1_178' title='bbox 1996 2816 2628 2887; x_wconf 89' lang='lat' dir='ltr'><strong>commemorando</strong></span> 
     </span>
     <span class='ocr_line' id='line_1_25' title="bbox 503 2929 2629 3015; baseline -0.001 -11"><span class='ocrx_word' id='word_1_179' title='bbox 503 2934 829 3004; x_wconf 83' lang='lat' dir='ltr'><strong>aetatulae</strong></span> <span class='ocrx_word' id='word_1_180' title='bbox 896 2930 1106 3001; x_wconf 86' lang='lat' dir='ltr'><strong>istius</strong></span> <span class='ocrx_word' id='word_1_181' title='bbox 1167 2930 1688 3015; x_wconf 84' lang='lat' dir='ltr'><strong>blandimenta,</strong></span> <span class='ocrx_word' id='word_1_182' title='bbox 1739 2930 2076 2999; x_wconf 84' lang='lat' dir='ltr'><strong>acerbam</strong></span> <span class='ocrx_word' id='word_1_183' title='bbox 2142 2929 2333 2999; x_wconf 85' lang='lat' dir='ltr'><strong>alere</strong></span> <span class='ocrx_word' id='word_1_184' title='bbox 2387 2929 2629 3001; x_wconf 75' lang='lat' dir='ltr'><strong>amissi</strong></span> 
     </span>
     <span class='ocr_line' id='line_1_26' title="bbox 503 3045 1117 3119; baseline -0.007 0"><span class='ocrx_word' id='word_1_185' title='bbox 503 3047 638 3119; x_wconf 83' lang='lat' dir='ltr'><strong>filii</strong></span> <span class='ocrx_word' id='word_1_186' title='bbox 671 3045 1117 3118; x_wconf 88' lang='lat' dir='ltr'><strong>memoriam.</strong></span> 
     </span>
     <span class='ocr_line' id='line_1_27' title="bbox 502 3158 2629 3252; baseline -0 -18"><span class='ocrx_word' id='word_1_187' title='bbox 502 3211 511 3218; x_wconf 89' lang='lat'>-</span> <span class='ocrx_word' id='word_1_188' title='bbox 606 3165 798 3246; x_wconf 82' lang='lat' dir='ltr'><strong>Quae</strong></span> <span class='ocrx_word' id='word_1_189' title='bbox 822 3182 996 3232; x_wconf 84' lang='lat' dir='ltr'><strong>vero</strong></span> <span class='ocrx_word' id='word_1_190' title='bbox 1021 3160 1116 3231; x_wconf 88' lang='lat' dir='ltr'><strong>ad</strong></span> <span class='ocrx_word' id='word_1_191' title='bbox 1139 3159 1442 3231; x_wconf 82' lang='lat' dir='ltr'><strong>affectus</strong></span> <span class='ocrx_word' id='word_1_192' title='bbox 1473 3158 1845 3252; x_wconf 86' lang='lat' dir='ltr'><strong>pertinent</strong></span> <span class='ocrx_word' id='word_1_193' title='bbox 1869 3178 2302 3249; x_wconf 86' lang='lat' dir='ltr'><strong>omnemque</strong></span> <span class='ocrx_word' id='word_1_194' title='bbox 2334 3159 2629 3233; x_wconf 85' lang='lat' dir='ltr'><strong>humani</strong></span> 
     </span>
     <span class='ocr_line' id='line_1_28' title="bbox 499 3272 2627 3357; baseline -0.006 -6"><span class='ocrx_word' id='word_1_195' title='bbox 499 3302 755 3351; x_wconf 85' lang='lat' dir='ltr'><strong>sensus</strong></span> <span class='ocrx_word' id='word_1_196' title='bbox 786 3276 1171 3357; x_wconf 86' lang='lat' dir='ltr'><strong>rationem,</strong></span> <span class='ocrx_word' id='word_1_197' title='bbox 1205 3274 1422 3346; x_wconf 90' lang='lat' dir='ltr'><strong>sicuti</strong></span> <span class='ocrx_word' id='word_1_198' title='bbox 1455 3298 1532 3346; x_wconf 90' lang='lat' dir='ltr'><strong>se</strong></span> <span class='ocrx_word' id='word_1_199' title='bbox 1566 3274 1789 3345; x_wconf 88' lang='lat' dir='ltr'><strong>habet</strong></span> <span class='ocrx_word' id='word_1_200' title='bbox 1820 3272 1898 3343; x_wconf 88' lang='lat' dir='ltr'><strong>in</strong></span> <span class='ocrx_word' id='word_1_201' title='bbox 1933 3272 2233 3345; x_wconf 78' lang='lat' dir='ltr'><strong>diversis</strong></span> <span class='ocrx_word' id='word_1_202' title='bbox 2259 3273 2429 3345; x_wconf 82' lang='lat' dir='ltr'><strong>vitae</strong></span> <span class='ocrx_word' id='word_1_203' title='bbox 2460 3297 2627 3348; x_wconf 88' lang='lat' dir='ltr'><strong>oon.</strong></span> 
     </span>
     <span class='ocr_line' id='line_1_29' title="bbox 497 3388 2623 3484; baseline 0 -18"><span class='ocrx_word' id='word_1_204' title='bbox 497 3394 899 3466; x_wconf 85' lang='lat' dir='ltr'><strong>ditionibus</strong></span> <span class='ocrx_word' id='word_1_205' title='bbox 933 3416 1020 3464; x_wconf 89' lang='lat' dir='ltr'><strong>ac</strong></span> <span class='ocrx_word' id='word_1_206' title='bbox 1050 3391 1386 3476; x_wconf 83' lang='lat' dir='ltr'><strong>fortunis,</strong></span> <span class='ocrx_word' id='word_1_207' title='bbox 1418 3400 1580 3462; x_wconf 87' lang='lat' dir='ltr'><strong>tum</strong></span> <span class='ocrx_word' id='word_1_208' title='bbox 1616 3412 1783 3484; x_wconf 84' lang='lat' dir='ltr'><strong>quae</strong></span> <span class='ocrx_word' id='word_1_209' title='bbox 1813 3389 1891 3459; x_wconf 90' lang='lat' dir='ltr'><strong>in</strong></span> <span class='ocrx_word' id='word_1_210' title='bbox 1925 3388 2123 3460; x_wconf 87' lang='lat' dir='ltr'><strong>hisce</strong></span> <span class='ocrx_word' id='word_1_211' title='bbox 2160 3390 2623 3484; x_wconf 77' lang='lat' dir='ltr'><strong>expediendis</strong></span> 
     </span>
     <span class='ocr_line' id='line_1_30' title="bbox 501 3504 2623 3600; baseline 0.002 -17"><span class='ocrx_word' id='word_1_212' title='bbox 501 3510 858 3583; x_wconf 85' lang='lat' dir='ltr'><strong>servanda</strong></span> <span class='ocrx_word' id='word_1_213' title='bbox 889 3509 1038 3580; x_wconf 91' lang='lat' dir='ltr'><strong>sint</strong></span> <span class='ocrx_word' id='word_1_214' title='bbox 1070 3517 1460 3600; x_wconf 62' lang='lat' dir='ltr'><strong>praeoepm,</strong></span> <span class='ocrx_word' id='word_1_215' title='bbox 1493 3505 1850 3600; x_wconf 84' lang='lat' dir='ltr'><strong>prioribus</strong></span> <span class='ocrx_word' id='word_1_216' title='bbox 1883 3504 2176 3600; x_wconf 88' lang='lat' dir='ltr'><strong>quidem</strong></span> <span class='ocrx_word' id='word_1_217' title='bbox 2213 3507 2355 3581; x_wconf 84' lang='lat' dir='ltr'><strong>illis</strong></span> <span class='ocrx_word' id='word_1_218' title='bbox 2397 3510 2623 3587; x_wconf 83' lang='lat' dir='ltr'><strong>ferme</strong></span> 
     </span>
     <span class='ocr_line' id='line_1_31' title="bbox 498 3628 2204 3727; baseline -0.002 -22"><span class='ocrx_word' id='word_1_219' title='bbox 498 3633 788 3718; x_wconf 81' lang='lat' dir='ltr'><strong>similia,</strong></span> <span class='ocrx_word' id='word_1_220' title='bbox 821 3632 1181 3727; x_wconf 83' lang='lat' dir='ltr'><strong>proximae</strong></span> <span class='ocrx_word' id='word_1_221' title='bbox 1213 3631 1421 3704; x_wconf 85' lang='lat' dir='ltr'><strong>nobis</strong></span> <span class='ocrx_word' id='word_1_222' title='bbox 1454 3653 1651 3703; x_wconf 80' lang='lat' dir='ltr'><strong>curae</strong></span> <span class='ocrx_word' id='word_1_223' title='bbox 1682 3628 1824 3702; x_wconf 87' lang='lat' dir='ltr'><strong>erit</strong></span> <span class='ocrx_word' id='word_1_224' title='bbox 1853 3630 2204 3725; x_wconf 83' lang='lat' dir='ltr'><strong>persequi.</strong></span> 
     </span>
    </p>
   </div>
   <div class='ocr_carea' id='block_1_5' title="bbox 1533 4097 1648 4163">
    <p class='ocr_par' dir='ltr' id='par_1_8' title="bbox 1533 4097 1648 4163">
     <span class='ocr_line' id='line_1_32' title="bbox 1533 4097 1648 4163; baseline 0 0"><span class='ocrx_word' id='word_1_225' title='bbox 1533 4097 1648 4163; x_wconf 76' lang='lat'><strong>14</strong></span> 
     </span>
    </p>
   </div>
   <div class='ocr_carea' id='block_1_6' title="bbox 200 4970 2301 5451">
    <p class='ocr_par' dir='ltr' id='par_1_9' title="bbox 164 4970 2301 5451">
     <span class='ocr_line' id='line_1_33' title="bbox 200 4970 2301 5451; baseline -0.001 1.949"><span class='ocrx_word' id='word_1_226' title='bbox 200 4970 2301 5451; x_wconf 34' lang='lat' dir='ltr'><strong>r-v</strong></span> 
     </span>
    </p>
   </div>
   <div class='ocr_carea' id='block_1_7' title="bbox 2301 4970 2302 5452">
    <p class='ocr_par' dir='ltr' id='par_1_10' title="bbox 2301 4970 2302 5452">
     <span class='ocr_line' id='line_1_34' title="bbox 2301 4970 2302 5452; baseline 0 123"><span class='ocrx_word' id='word_1_227' title='bbox 2301 4970 2302 5452; x_wconf 95' lang='lat' dir='ltr'><strong> </strong></span> 
     </span>
    </p>
   </div>
  </div>
 </body>
</html>
