3559 5575
498 114 563 182 178
740 111 862 177 PARS
885 109 1047 175 PRIMA
1069 106 1134 173 DE
1158 108 1283 173 ῙΜῙΤ.
1330 108 1446 173 Psnr..
1463 109 1557 175 ΧΠ.

498 286 636 379 reliqua
659 285 698 355 in
723 286 792 357 hac
811 294 915 376 purte
936 282 1141 376 praesteuds
1162 278 1436 376 linquo-quod
1450 283 1558 355 facile

498 375 578 495 riuis
595 400 765 493 consequi
781 399 925 491 poterit,
938 399 1065 469 eodem
1077 396 1107 468 si
1120 405 1247 468 ututur
1259 397 1351 469 duce
1368 398 1428 468 cui
1444 400 1558 491 pluri-

498 538 599 589 mum
616 538 674 587 me
690 514 729 585 in
746 516 815 585 hoc
831 538 937 607 opere
961 513 1124 584 debuisse
1144 512 1273 584 fateor.
1326 513 1423 584 Illud
1447 516 1556 587 modo

499 630 739 713 meminerint,
752 630 849 723 quod
866 652 961 721 saepe
977 631 1131 700 antehac
1147 627 1341 699 admouere
1354 627 1472 699 visum
1488 640 1554 715 est,

498 770 545 819 ne
561 745 767 817 Aristotelis
792 745 903 838 ipsius
929 755 993 816 aut
1014 744 1187 815 librorum
1213 742 1376 813 omniurn
1401 746 1555 817 auctori·

498 873 575 935 tate
592 864 667 933 solo
682 861 790 933 inniti
806 871 1051 933 consuescunt.
1101 860 1281 931 Naturam
1298 860 1414 954 ipsam
1431 862 1553 933 sedulo

499 976 713 1071 exquirant:
744 976 806 1047 sui·
829 975 980 1069 quisque
1005 974 1159 1068 pectoris
1189 998 1320 1046 arcana
1344 975 1551 1070 exagitent:
1695 981 1696 1008 ¹

498 1093 686 1164 hominum
714 1091 948 1164 conventibus
976 1091 1182 1184 frequentes
1212 1089 1401 1163 intersint:
1437 1092 1554 1163 direr-

500 1232 620 1280 sorum
645 1208 811 1281 ordinum
835 1208 974 1278 discunt
992 1228 1119 1294 mores,
1136 1230 1251 1289 curos,
1268 1206 1399 1290 studia,
1416 1208 1553 1300 cupidi·
1695 1225 1697 1304 †

499 1334 613 1396 tetes:
639 1324 728 1418 quid
744 1324 873 1415 cuique
889 1320 1073 1415 proprium
1094 1321 1142 1393 sit
1158 1321 1348 1416 intelligat,
1365 1322 1453 1415 quid
1479 1346 1554 1395 orn·
1695 1379 1696 1386 κ

498 1439 604 1510 nibus
621 1462 830 1510 commune:
857 1448 936 1508 tum
954 1438 992 1508 in
1011 1436 1175 1508 violentis
1191 1437 1390 1523 affectibus,
1407 1438 1452 1510 de
1475 1440 1554 1533 qui·

498 1554 565 1625 bus
588 1554 667 1646 J'am
692 1551 918 1643 potissimum
943 1552 1168 1644 disputatum
1194 1551 1277 1636 fuit,
1301 1552 1403 1647 vulgi
1427 1552 1554 1643 praeci·

499 1690 608 1760 puam
625 1667 802 1739 rationem
819 1668 987 1753 habeant,
1003 1678 1047 1739 ut
1063 1690 1217 1760 quorum
1233 1667 1346 1739 animi
1364 1666 1501 1739 acriore
1516 1668 1553 1738 vi
1695 1729 1696 1732 ,

500 1783 694 1855 effectuum
711 1784 923 1876 plerumque
944 1783 1196 1875 impelluntur:
1222 1806 1331 1877 quum
1356 1806 1462 1875 porro
1478 1784 1553 1854 vim

499 1922 616 1995 neque
632 1900 669 1971 iu
688 1900 945 1971 dissimulando
960 1900 1154 1970 admodum
1171 1910 1257 1971 suut
1269 1899 1386 1992 periti,
1397 1924 1465 1971 nec
1481 1923 1552 1994 quo

500 2017 619 2089 minus
636 2040 715 2089 eam
729 2016 938 2109 simpliciter
950 2025 986 2087 et
1000 2017 1119 2107 palam
1132 2016 1327 2107 proferant,
1337 2017 1552 2089 verecundie

500 2143 564 2205 aut
581 2134 680 2206 cultu
698 2132 784 2205 vitae
801 2134 960 2204 humano
975 2131 1220 2224 prohibentur.
