3559 5575
412 88 634 151 Pam„
668 82 977 148 XXXV.
1072 161 1081 173 ⁶
1143 80 1271 145 DE
1320 80 1905 146 PHANTASIA.
2393 81 2525 150 46³

409 256 828 331 memoriam
880 255 1093 338 redit,
1127 277 1219 325 ne
1251 264 1329 325 et
1362 254 1591 325 officio
1625 276 1785 324 meo
1818 263 1893 324 et
1927 263 2187 326 vestrae
2226 278 2521 348 exspec-

409 374 667 448 tationi
701 372 990 466 penitus
1022 371 1366 456 deessem,
1402 369 1612 441 solari
1651 369 1728 441 id
1774 370 2108 464 equidem
2154 371 2518 444 interdum

409 514 527 562 me
560 491 813 576 fateor,
846 487 1040 583 quod
1071 510 1186 558 res
1220 486 1441 557 anxia
1472 500 1548 558 et
1580 485 2013 577 perdifficilis
2045 486 2325 559 exitum
2360 495 2527 560 tan-

409 608 576 677 dem
613 604 968 686 habuerit,
1002 603 1190 674 votis
1239 613 1434 674 certe
1479 602 1852 694 imparem,
1886 603 2011 674 sed
2061 627 2213 696 prae
2264 603 2521 676 timore

409 719 535 813 qui
569 729 749 791 tunc
785 741 1023 788 meum
1057 717 1379 787 animum
1412 716 1775 787 invaserat
1800 740 1944 787 non
1972 717 2264 789 omnino
2289 717 2523 788 infeli-

410 856 590 905 cem.
656 834 894 915 Quam
922 832 1117 903 enim
1143 855 1295 902 rem
1324 831 1668 902 decennio
1693 840 1864 902 ante
1896 831 1969 901 in
2008 841 2248 923 partes
2283 831 2522 904 distri-

406 948 535 1019 bui
568 972 854 1020 necesse
886 959 1067 1032 erat,
1100 947 1271 1018 locis
1305 947 1595 1040 quidem
1632 970 1719 1017 ea
1756 946 2130 1017 fecundior
2174 970 2364 1039 saepe
2409 958 2521 1020 est

406 1065 727 1149 inventa,
763 1089 978 1158 quam
1029 1064 1183 1156 ipse
1233 1063 1473 1134 animo
1521 1086 2046 1156 praeceperam3
2097 1086 2318 1156 quare
2359 1088 2521 1157 pro-

407 1181 625 1273 positi
657 1181 828 1253 olim
863 1180 1094 1274 operis
1130 1203 1301 1250 mox
1342 1189 1619 1271 partem
1671 1179 1984 1273 aliquam
2033 1179 2265 1250 decidi
2314 1204 2519 1272 opor-

408 1299 650 1369 tebat:
686 1309 764 1369 at
789 1321 932 1391 quo
958 1296 1239 1391 longius
1266 1295 1601 1368 instituta
1636 1297 2095 1389 procederem
2122 1296 2262 1379 via,
2289 1320 2374 1368 eo
2399 1319 2517 1368 me

405 1437 822 1506 persuasum
877 1412 1106 1507 magis
1150 1412 1393 1494 habui,
1426 1422 1625 1483 recto
1668 1412 1927 1484 itinere
1978 1413 2233 1505 pedem
2283 1412 2533 1505 primow

407 1554 561 1602 esse
596 1530 928 1623 positum.
1002 1529 1222 1611 Tum,
1257 1528 1450 1621 quod
1484 1528 1801 1600 maxime
1835 1552 2115 1621 semper
2146 1553 2187 1599 e
2220 1527 2406 1600 votis
2439 1538 2518 1600 et

394 1644 1002 1740 jucundissimum
1037 1643 1301 1728 evenit,
1327 1645 1533 1714 vultu
1568 1644 1691 1714 illo
1724 1653 1800 1715 et
1834 1644 2078 1715 favore
2103 1655 2340 1716 vestro
2372 1642 2517 1714 frui

406 1756 724 1840 videbar,
769 1781 983 1851 quem
1035 1758 1096 1829 si
1145 1757 1563 1842 amisissem,
1613 1757 1855 1828 sedem
1910 1758 2097 1829 hanc
2135 1760 2288 1851 jam
2342 1758 2514 1830 olim

406 1874 861 1944 decreveram
897 1897 1040 1944 non
1077 1873 1331 1945 honori
1371 1873 1497 1944 sed
1537 1871 1865 1943 dedecori
1913 1874 2126 1965 plane
2173 1875 2512 1945 futuram.

405 1990 532 2059 Ex
567 1991 702 2060 hoc
734 1988 960 2084 igitur
993 1999 1191 2060 metu
1226 2012 1343 2060 me
1377 1989 1664 2081 eripuit,
1688 1988 2002 2080 primum
2029 2000 2267 2060 vestra
2299 1990 2513 2062 toties

405 2115 779 2198 perspecta
811 2105 1220 2187 liberalitaS,
1254 2129 1495 2198 quam,
1529 2104 1669 2176 nisi
1703 2127 1867 2197 quae
1903 2104 2046 2175 sint
2081 2105 2366 2197 propria
2403 2106 2513 2177 in-

405 2220 703 2291 dustriae
738 2246 821 2293 ac
857 2220 1262 2316 vigiliarum
1298 2221 1618 2314 praemia,
1653 2223 1865 2315 longe
1907 2231 1980 2291 et
2016 2220 2288 2292 meritis
2334 2222 2511 2294 meis

403 2336 780 2407 confiterer
811 2336 1030 2407 fuisse
1063 2348 1139 2406 et
1164 2359 1381 2428 prope
1415 2359 1538 2428 spe
1575 2338 1942 2430 maj0rem.
2021 2333 2165 2406 Sed
2197 2339 2508 2409 laborem

404 2451 619 2536 hunc,
654 2451 1060 2544 quicunque
1095 2451 1387 2522 tandem
1422 2450 1664 2533 fuerit,
1700 2474 1842 2522 non
1892 2451 2266 2522 minimum
2321 2454 2511 2523 leva-

402 2566 528 2636 bat
550 2565 959 2659 juventutis
991 2565 1170 2636 illud
1201 2562 1654 2635 Academicae
1690 2563 2033 2648 studium,
2068 2590 2211 2659 quo
2257 2567 2510 2637 arden-

401 2679 546 2750 tius
592 2705 750 2752 eam
800 2682 893 2753 ad
944 2684 1163 2754 bonas
1209 2691 1399 2752 artes
1445 2682 1895 2766 excolendas,
1928 2681 2311 2775 literasque
2354 2683 2507 2753 illas

401 2820 568 2890 quae
601 2796 676 2866 in
713 2798 1107 2889 disciplinae
1142 2810 1406 2869 nostrae
1451 2798 1804 2869 rationem
1852 2799 2250 2889 praesertim
2303 2799 2509 2871 cade-

402 2921 586 2994 rent,
621 2910 942 3004 quotidie
976 2912 1145 2981 ferri
1182 2912 1523 2981 viderem.

504 3028 717 3111 Quod
751 3027 811 3098 si
844 3028 951 3097 fas
987 3026 1079 3098 sit
1114 3027 1333 3097 etiam
1369 3050 1652 3119 sperare
1687 3026 1961 3120 aliquid
2000 3029 2075 3099 in
2124 3032 2259 3101 hac
2303 3041 2507 3123 parte

402 3144 689 3215 hortatu
740 3155 815 3214 et
852 3141 1139 3213 monitis
1184 3142 1443 3212 nostris
1479 3144 1815 3213 effectum
1852 3166 2025 3227 esse,
2062 3154 2146 3215 ut
2179 3155 2306 3216 aut
2337 3146 2506 3218 inde

401 3259 759 3329 traxerint
790 3259 1295 3343 adolescentes,
1330 3258 1524 3350 quod
1569 3282 1643 3328 se
1692 3258 1769 3328 in
1819 3259 2218 3331 studiorum
2271 3286 2504 3347 cursu,

400 3383 639 3464 spreta
688 3374 1151 3446 leviculorum
1206 3371 1576 3443 hominum
1624 3373 2027 3457 dicacitate,
2064 3379 2504 3451 constantius

400 3496 703 3572 teneret,
736 3498 864 3558 aut
910 3488 1004 3558 ad
1037 3488 1230 3581 quod
1280 3487 1643 3558 intuentes
1693 3487 1836 3558 iter
1879 3511 2089 3561 suum
2132 3514 2380 3587 regere
2421 3518 2504 3565 ac

399 3599 752 3673 moderari
786 3615 1098 3691 possent,
1124 3600 1442 3674 utilitate
1467 3603 1684 3675 etiam
1715 3629 1847 3675 sua
1871 3629 2161 3699 operam
2186 3619 2502 3681 nostram

398 3742 541 3789 non
579 3715 869 3787 omnino
903 3716 1210 3787 caruisse
1235 3721 1391 3811 jam
1424 3722 1636 3792 laetus
1670 3722 2125 3793 confiderem.
2205 3724 2500 3796 Etenim

399 3858 534 3929 ego
568 3835 702 3904 hoc
743 3831 983 3903 animo
1027 3854 1306 3923 semper
1351 3834 1480 3915 fui,
1514 3851 1599 3905 ut
1633 3837 1759 3905 vix
1811 3836 2203 3930 quidquam
2256 3840 2502 3911 utilius

399 3973 550 4020 esse
573 3950 998 4043 judicarem,
1033 3957 1160 4019 aut
1196 3945 1485 4018 homine
1521 3952 1747 4042 magis
1783 3951 2108 4045 dignum,
2144 3977 2358 4045 quam
2394 3956 2503 4024 in-
