3559 5575
502 203 546 272 94
869 195 992 259 PARS
1015 193 1177 258 PRIMA
1350 193 1467 257 Pur..
1483 193 1582 256 vn.

552 373 703 444 Duobus
718 370 757 441 in
778 368 865 441 locis
888 391 965 440 rem
988 389 1072 462 quae
1096 367 1218 462 agitur
1242 365 1379 458 optime
1402 365 1581 438 illustrat

503 489 652 570 Statius,
662 487 818 559 adducta
828 481 970 556 Auium
983 483 1239 555 similitudine:
1258 481 1295 552 in
1311 482 1424 553 multa
1436 492 1577 553 tamen

501 605 674 688 excunit,
685 626 766 697 quae
779 601 868 673 nihil
886 601 934 672 ad
950 599 1169 693 praecipuam
1182 620 1259 668 rem
1273 598 1469 690 pertinent,
1481 622 1577 694 gra-

502 723 641 796 tissima
665 729 787 790 autem
811 719 914 801 fiunt,
932 717 1017 810 quia
1038 715 1191 808 speciem
1210 737 1286 806 prae
1303 738 1341 784 se
1358 715 1483 786 ferunt
1500 739 1571 785 na·

503 849 606 910 turae.
671 833 731 906 Sic
765 833 932 905 laetitiam
961 831 1218 902 Thebanorum
1247 830 1294 901 ob
1323 831 1436 901 socios
1464 832 1574 903 intra

502 952 770 1048 propugnacrda
797 959 971 1041 receptos,
996 947 1103 1040 pullis
1128 956 1314 1038 comparat
1340 956 1497 1017 matrem
1524 947 1570 1017 in

503 1067 627 1140 nidum
646 1067 856 1138 redeuntem
874 1087 1015 1135 summo
1030 1063 1165 1157 gaudio
1185 1061 1456 1153 excipientibus.

934 1206 1108 1272 Volucrum
1125 1207 1168 1272 sic
1183 1206 1279 1272 turba
1292 1220 1451 1270 recentum

591 1317 674 1379 Cum
689 1312 836 1378 reducem
850 1310 947 1398 longo
961 1311 1124 1398 prospexit
1138 1309 1171 1374 in
1186 1309 1303 1374 aethere
1317 1323 1462 1388 matrem,

591 1418 644 1482 Ire
658 1417 746 1503 cupit
759 1429 878 1493 contra,
893 1436 1079 1501 summaque
1093 1437 1112 1478 e
1127 1412 1267 1500 margine
1281 1411 1348 1476 nidi

590 1521 692 1583 Extat
706 1517 813 1581 hians:
829 1517 898 1602 jam
908 1517 1040 1604 jamque
1054 1516 1158 1594 cadat,
1173 1515 1205 1580 ni
1219 1531 1345 1603 pectore
1360 1529 1428 1580 toto

590 1618 704 1684 Obstat
717 1630 825 1706 aperta
841 1640 966 1706 parens,
981 1633 1014 1684 et
1027 1618 1207 1684 amantibus
1220 1617 1361 1704 increpet
1375 1615 1444 1681 alis.

1247 1721 1358 1785 Tuas.
1374 1721 1421 1784 K
1438 1721 1516 1785 458.

504 1873 643 1958 Quibus
658 1873 733 1945 lere
750 1873 850 1966 paria
867 1884 952 1945 sunt
964 1875 1077 1945 altera
1093 1872 1140 1945 de
1156 1896 1223 1945 ave
1241 1874 1287 1945 ad
1303 1872 1486 1966 direptum
1504 1872 1565 1944 ui·

503 1993 590 2063 dum
606 2013 759 2074 reversa,
772 1989 831 2062 cui
850 1989 1064 2082 Hipsipylen
1081 2001 1266 2082 comparat
1281 2013 1388 2083 super
1398 1991 1561 2060 lacerum

503 2109 657 2182 cadaver
672 2107 736 2178 lilii
751 2107 789 2177 in
806 2108 983 2200 lacrymas
999 2106 1163 2178 effusam.

455 2227 466 2244 ⁵
590 2248 641 2310 Ac
657 2244 741 2309 velut
756 2243 883 2332 aligerae
898 2243 1015 2323 sedem,
1030 2244 1192 2330 loetusque
1205 2241 1346 2331 parentis

590 2349 675 2413 Cum
689 2345 780 2434 piger
794 2346 943 2411 umbrosa
956 2335 1128 2433 populatus
1141 2345 1175 2410 in
1189 2344 1258 2410 ilice
1273 2367 1411 2433 serpens,

524 2487 527 2499 ·
591 2448 654 2513 Illa
667 2447 759 2528 redit,
775 2447 981 2536 querulaeque
996 2447 1110 2512 domus
1123 2447 1237 2512 mirata
1249 2448 1401 2535 quietem,

591 2554 661 2617 Stat
677 2575 771 2640 super
785 2549 980 2639 impendens,
995 2550 1206 2638 advectosque
1219 2551 1349 2616 horrida
1362 2565 1472 2617 maesto

589 2654 724 2720 Excutit
738 2676 793 2718 ore
807 2653 910 2718 cibos:
933 2675 1006 2717 cum
1021 2651 1106 2717 solus
1120 2652 1153 2717 in
1167 2653 1279 2718 arbore
1293 2676 1366 2718 cara

590 2757 736 2845 Sanguis,
752 2770 785 2822 et
799 2768 938 2821 errantes
951 2778 1009 2845 per
1022 2768 1115 2844 capta
1129 2754 1246 2822 cubilia
1258 2754 1389 2844 plumae.

1250 2860 1362 2924 Tana.
1379 2860 1421 2924 V.
1436 2862 1512 2931 599.

503 2977 629 3071 Auget
646 2972 838 3069 aliquando
848 2972 1047 3073 secundam
1064 2995 1142 3044 rem
1159 2970 1345 3067 Virgilius,

590 3103 661 3184 Ille,
677 3102 765 3168 velut
781 3101 884 3191 pelagi
898 3124 1256 3189 rupes--—-

760 3240 979 3257 -—--
988 3203 1141 3292 laterique
1156 3204 1236 3270 illisa
1249 3205 1431 3270 refunditur
1444 3205 1523 3293 alga.

1238 3306 1321 3371 ΕΝ.
1337 3307 1420 3371 VIl.
1436 3307 1512 3373 586.

504 3420 567 3491 sed
588 3420 728 3511 parcius
751 3421 866 3527 multo
886 3442 929 3491 ac
945 3419 1192 3496 verecundius.
1243 3420 1554 3503 Quemadmodum

504 3534 568 3606 ubi
584 3534 686 3606 Auni
703 3558 827 3607 necem
845 3535 974 3617 refert3

590 3671 694 3746 Quam
708 3668 799 3735 facile
812 3668 961 3756 accipiter
975 3692 1051 3733 saxo
1065 3690 1151 3734 sacer
1164 3668 1229 3735 ales
1241 3670 1283 3735 ab
1296 3669 1362 3735 alto

590 3772 804 3860 Consequitur
816 3769 928 3858 pennis
942 3769 1108 3836 sublimem
1123 3771 1156 3835 in
1169 3772 1256 3838 nube
1269 3771 1459 3851 columbam,

590 3876 880 3963 comprensamque
894 3887 992 3950 tenet,
1004 3874 1205 3963 pedibusque
1219 3875 1368 3940 eviscerat
1383 3874 1490 3941 uncis:

595 3978 681 4043 Tum
695 4000 801 4059 maor,
816 3988 846 4043 at
861 3978 965 4042 vultoe
977 3978 1131 4044 tubum
1144 3980 1186 4043 ub
1199 3978 1314 4043 oetltm
1321 3978 1456 4065 pluma.

1251 4080 1331 4146 ΕΝ.
1349 4081 1420 4145 ΧΙ.
1436 4082 1510 4149 tal.
