3559 5575
1049 62 1186 129 366
1792 63 2036 127 PARS
2081 63 2460 128 TERTIA
2551 64 2780 129 Pu».
2813 65 3243 131 XXVIII.

1052 238 1148 310 tis
1178 237 1484 323 incusat,
1518 248 1594 308 et
1624 236 1838 308 facile
1882 239 2126 309 abesse
2175 237 2512 329 patiatur.
2616 238 2821 309 Salsa
2871 241 3238 312 fortasse

1051 353 1267 425 nimis
1302 362 1411 423 est
1444 364 1518 424 et
1554 355 1811 423 acerba
1856 352 2201 447 Scaligeri
2236 376 2420 424 vena
2465 353 2542 423 in
2591 354 2702 424 his
2747 354 3230 425 Graecorum

1052 469 1248 540 vitiis
1284 469 1764 563 exagitandis,
1799 468 2059 561 quibus
2091 470 2492 540 Homerum
2525 469 2759 562 ipsum
2797 472 3230 542 contendit

1053 597 1319 680 praeter
1344 586 1629 657 veniam
1658 584 2040 678 inquinari.
2093 585 2321 656 Nobis
2356 585 2451 656 sit
2476 586 2649 656 satis
2680 610 2838 656 rem
2871 599 3227 658 eatenus

1051 703 1283 798 digito
1333 713 1786 783 monstrasse,
1819 712 1904 772 ut
1936 700 2335 792 disciplinae
2376 724 2594 794 quam
2628 711 2933 772 tuemur
2968 703 3223 773 ratio-

1052 840 1221 891 nem
1256 818 1638 889 reddamus
1672 817 2155 887 illustriorem.

1158 935 1478 1006 Homero
1511 933 1790 1004 interea
1825 956 1969 1004 non
2004 932 2604 1025 paucadebemus
2636 936 2989 1026 exempla
3022 960 3211 1029 quae

1054 1052 1128 1122 in
1166 1053 1465 1123 alteram
1501 1059 1782 1143 partem
1828 1050 2019 1120 trahi
2062 1060 2401 1141 possunt:
2455 1049 2579 1120 ubi
2627 1049 2987 1120 nimirum
3044 1076 3208 1121 una

1056 1168 1260 1262 quasi
1285 1167 1476 1238 linea
1500 1166 1740 1247 ducta,
1766 1175 1843 1235 et
1868 1165 2105 1235 subito
2126 1166 2335 1258 jactu
2366 1168 2643 1247 manus,
2658 1166 2862 1258 justa
2889 1167 3205 1258 prodire

1056 1284 1210 1354 visa
1257 1293 1367 1355 est
1408 1282 1671 1377 imago,
1706 1281 1987 1352 caeteris
2021 1280 2352 1351 omnibus
2392 1291 2522 1351 aut
2554 1281 2631 1351 in
2682 1283 3026 1352 umbram
3084 1307 3201 1354 re-

1046 1397 1283 1491 jectis,
1310 1399 1436 1468 a'ut
1473 1397 1757 1469 silentio
1790 1396 2309 1490 praetermissis.
2361 1397 2624 1478 Qualia
2656 1408 2828 1468 sunt
2861 1400 3199 1490 plurima

1055 1513 1130 1583 in
1167 1512 1444 1604 Ulyssis
1478 1513 1569 1584 ad
1605 1513 1870 1584 inferos
1906 1513 2272 1596 descensu,
2307 1534 2522 1606 quem
2569 1513 2719 1585 fere
2761 1523 3007 1584 totum
3060 1539 3195 1586 ex·

1058 1627 1461 1711 scriberem,
1513 1629 1572 1699 si
1626 1629 2061 1700 uberrimam
2126 1631 2712 1720 phantasmatum
2763 1630 3061 1722 copiam
3116 1645 3190 1702 et

1057 1744 1481 1816 varietatem
1516 1768 1876 1837 exponere
1911 1746 2189 1815 vellem.
2292 1745 2479 1826 Quae
2520 1768 2691 1815 vero
2740 1746 2836 1815 ad
2884 1746 3190 1817 institu-

1059 1872 1219 1931 tum
1254 1872 1577 1933 nostrum
1614 1860 2015 1953 praesertim
2050 1859 2348 1944 faciunt,
2383 1872 2553 1932 sunt
2579 1862 2951 1932 horridum
2992 1863 3187 1934 Her-

1060 1976 1237 2048 culis
1278 1977 1468 2048 illius
1505 1978 1813 2062 Idolum,
1848 1987 1924 2047 et
1957 1976 2265 2047 Achillis
2314 1977 2592 2047 Umbra
2643 1977 2735 2048 de
2782 1978 2933 2048 filio
2983 1980 3185 2072 quod

1060 2094 1378 2165 maxime
1410 2095 1626 2165 vellet
1661 2092 1912 2164 audito
1943 2092 2216 2186 gavisa.

1295 2223 1688 2248 22222

1688 2221 1929 2298 ἀενόησα
1960 2220 2086 2302 βίην
2109 2225 2512 2307 Ἡρακληείην,

1237 2325 1504 2390 Εἴδωλον·
1536 2327 1698 2400 ωὐτὸς
1727 2326 1783 2388 83
1810 2327 1932 2406 μετ’
1964 2326 2290 2388 ἀθανάτοισι
2323 2326 2487 2389 θεοῖσι

1233 2428 1508 2512 Τέρπετου
1538 2431 1590 2489 ἐν
1620 2427 1833 2514 θαλίῃς,
1866 2428 1961 2490 καὶ
1993 2426 2116 2511 ἔχει
2147 2427 2533 2513 καλλίσφυρον
2547 2426 2767 2509 Ἠβηη

1237 2532 1430 2591 Παῖδα
1462 2533 1596 2604 Διὸς
1623 2531 1904 2614 μεγάλοιο
1938 2531 2035 2593 καὶ
2053 2528 2238 2614 ’Ἥρης
2266 2530 2697 2615 χρυσοπεδίλου.

1231 2631 1413 2711 Ἀμφὶ
1445 2628 1501 2690 δέ
1530 2655 1626 2708 μιν
1655 2632 1896 2714 κλαγγὴ
1931 2631 2129 2693 νεκύων
2158 2629 2244 2709 ἦν,
2276 2639 2472 2695 οἰωνῶν
2500 2629 2595 2710 ὦς,

1237 2731 1489 2796 Πάντοο·’
1519 2730 1887 2812 ἀτυζομένων·
1935 2737 1962 2796 ὁ
1992 2733 2035 2795 δ’
2069 2736 2259 2819 ἐρεμνῇ
2290 2734 2442 2797 νυκτὶ
2474 2732 2684 2811 ἐοικὸς,

1234 2835 1450 2917 Γυμνόν
1480 2837 1636 2914 τόξον
1666 2838 1840 2922 ἔχων,
1873 2837 1969 2898 καὶ
2002 2836 2088 2899 ἐπὶ
2120 2841 2361 2921 νευρῇφιν
2391 2840 2598 2915 δίο-τὸν,

1237 2943 1562 3003 ΔΕΙΝΟΝ
1595 2942 2133 3018 ΠΑΠΤΑῙΝΩΝ,
2158 2945 2332 3003 ΑῙΕΙ
2371 2944 2794 3004 ΒΑΛΕΟΝΤῙ
2829 2944 3167 3007 ΕΟΙΚΩΣ.

2662 3046 2793 3109 On.
2825 3051 2903 3109 A.
2937 3047 3086 3111 600.

1059 3155 1421 3227 Achillem
1446 3168 1686 3228 autem
1716 3156 2038 3228 breviore
2064 3158 2301 3228 adhuc
2329 3158 2605 3230 ambitu
2633 3162 3073 3252 complexuS,
3097 3171 3169 3233 et

1061 3272 1255 3364 quali
1290 3273 1520 3366 figura
1553 3285 1627 3345 et
1662 3297 1805 3367 qua
1841 3285 2083 3345 mente
2120 3274 2339 3346 fuerit
2375 3276 2647 3368 optime
2681 3275 3125 3372 significavit.

1224 3402 1336 3475 ‘⁸525
1368 3403 1599 3482 ἐφάμην·
1643 3406 1809 3489 ψυχὴ
1840 3406 1897 3466 δὲ
1926 3404 2194 3478 ποδώκεος
2224 3406 2502 3469 Αἰακίδαο

1231 3508 1490 3592 ΦΟῙΤᾼ
1520 3510 1815 3570 ΜΑΚΡΑ
1850 3506 2187 3586 ΒΙΒΩΣΑ,
2222 3509 2350 3572 κατ’
2383 3511 2688 3591 ἀσφοδελὸν
2718 3518 2990 3592 λειμῶνα.

2665 3613 2795 3676 On.
2831 3616 2907 3675 Λ.
2938 3614 3079 3679 537.

1063 3718 1434 3791 Terribilis
1501 3719 1677 3791 item
1748 3723 1839 3793 ab
1895 3723 2232 3815 AEschylo
2289 3723 2364 3793 in
2430 3725 2688 3795 Oreste
2748 3725 3167 3796 describitur

1061 3835 1417 3929 Apollinis
1452 3835 1722 3908 medias
1756 3838 1950 3910 inter
1981 3840 2314 3910 tenebras
2349 3842 2614 3924 vultus,
2647 3864 2793 3912 una
2828 3843 2967 3912 hac
2997 3840 3165 3913 ima·

1063 3952 1235 4043 gine
1265 3951 1665 4044 proposita:
3375 3956 3376 4043 l
