3559 5575
452 171 675 235 Pur..
711 171 827 235 vl.
1101 170 1232 234 DE
1281 170 1910 235 IMITATIONE.
2476 173 2564 236 87

449 367 589 416 nus
631 355 742 416 est
774 366 941 415 cum
987 345 1125 416 hoc
1171 345 1400 416 altero
1452 346 2192 439 conjuncta—utpote
2240 343 2435 435 quod
2482 344 2558 413 in

446 459 750 531 veritate
782 481 1020 530 rerum
1057 459 1447 531 scrutanda
1492 459 1641 530 fere
1686 467 1925 529 totum
1960 457 2293 530 vertitur.
2396 457 2563 540 Quo

446 576 734 670 quidem
769 575 1143 670 ingenere
1176 599 1344 647 cum
1380 575 1680 646 Latinos
1716 574 2078 646 veteribus
2122 573 2400 646 Graeds
2434 597 2565 643 an-

447 691 626 784 teire
659 690 1072 784 plurimum,
1096 703 1255 764 tum
1289 715 1386 763 ex
1412 690 1695 763 Latinis
1729 689 2030 784 aliquos,
2054 690 2290 762 aetatis
2321 690 2562 782 paullo

446 806 862 879 recentioris
894 817 969 878 et
1005 807 1299 878 minoris
1333 818 1528 878 certe
1560 816 1779 889 notae,
1815 806 2151 877 maximis
2194 805 2562 877 interdum

449 923 910 1015 scriptoribus
942 933 1286 1014 praestare
1320 923 1643 994 arbitror.
1749 922 1871 992 Illi
1919 946 2071 993 rem
2124 921 2347 992 oculis
2396 943 2564 1013 ape*

450 1039 651 1108 riunt
685 1037 880 1120 satis»,
913 1038 990 1108 hi
1023 1037 1315 1130 propius
1350 1062 1494 1109 non
1529 1061 1690 1109 raro
1723 1037 1819 1108 ad
1865 1049 2147 1109 naturae
2182 1038 2560 1109 veritatem

449 1153 831 1226 accedunt.
1964 1158 1973 1165 ·

548 1271 897 1341 Sumatur
945 1271 1359 1362 exemplum
1410 1292 1505 1340 ex
1557 1266 2015 1361 Serpentium
2070 1278 2271 1340 motu
2323 1268 2566 1361 saepis-

448 1387 627 1458 sime
693 1385 888 1479 apud
956 1386 1220 1457 Poetas
1285 1387 1662 1458 celebrato.
1765 1384 2146 1468 Lubricus,
2214 1385 2564 1467 sinuosus,

449 1514 839 1586 contortus,
892 1501 1448 1574 fluctuabundus
1505 1501 1760 1573 millies
1826 1501 2272 1572 describitur.
2377 1501 2565 1584 Quae

450 1618 719 1710 optime
753 1620 990 1691 forsan
1023 1621 1211 1690 hanc
1243 1642 1396 1689 rem
1424 1616 1832 1713 attigerunt
1856 1628 2026 1689 sunt
2048 1616 2125 1687 in
2152 1616 2563 1710 Apollonio,

451 1734 577 1828 qui
610 1733 834 1827 spiras
870 1736 1166 1809 ulterius
1200 1759 1275 1807 se
1313 1745 1817 1829 promoventes
1860 1733 2047 1804 fumi
2079 1734 2562 1806 voluminibus

451 1848 833 1923 adsimilat.

614 2008 729 2084 ’Ὡς
758 2012 802 2072 δ’
833 2009 922 2073 ὅτε
949 2010 1247 2093 τυφομένης
1276 2008 1409 2087 ὅλης
1439 2011 1572 2096 ὑπερ
1602 2009 1971 2074 αίθαλόεσσαι

630 2115 874 2174 Καπνοῖο
904 2112 1328 2196 στροφάλιγγες
1357 2111 1627 2195 ἀπείριτοι
1657 2112 2028 2189 εἱλίσσονται,

618 2210 814 2289 Ἄλλη
843 2213 890 2274 δ’
923 2212 1050 2286 αἶψ’
1079 2211 1234 2297 ἅτέρῃ
1266 2209 1623 2274 ἐπιτέλλεται
1653 2212 1771 2274 aar
1803 2214 1994 2294 ἐπιπρὸ

628 2312 850 2376 Νειὸθεν
879 2311 1221 2397 εἰλίγγοισιν
1248 2313 1466 2398 ίτῆορος
1495 2314 1811 2390 ἐξανιοῦσα·

617 2414 732 2491 Ὣς
759 2415 872 2480 ro'r'
902 2419 1073 2479 ὗκεῒεο
1101 2413 1350 2502 σε’λωρον
1378 2414 1699 2501 ἀπειρεσίας
1727 2414 1948 2493 ἕλε’λιξε

623 2518 931 2601 Ῥυμβόινας
960 2516 1266 2604 ἀζαλέῃσιν
1295 2516 1591 2602 ὅπηρεφίας
1620 2517 1930 2599 φολίδεσσι.

1865 2623 2144 2685 Ancon.
2179 2622 2295 2686 1v.
2324 2625 2471 2692 139.

452 2773 752 2846 Veriora
782 2784 1025 2845 tamen
1062 2783 1232 2845 sunt
1265 2771 1411 2856 illa,
1446 2797 1589 2844 non
1627 2773 1789 2845 dico
1835 2774 2265 2867 pulchriora,
2301 2774 2562 2848 Statii:

626 2912 977 2998 Terrigena
1004 2910 1270 2998 erigitur
1297 2934 1587 2997 serpens:
1644 2924 1980 2999 tractuque
2008 2912 2216 2976 soluto

631 3014 981 3077 Immanem
1012 3036 1142 3077 sese
1172 3011 1367 3091 vehit,
1400 3034 1476 3075 ac
1492 3022 1646 3099 post
1673 3022 1865 3101 terga
1892 3015 2220 3101 relinquit.

1949 3114 2176 3177 Tuan.
2209 3114 2295 3176 V.
2329 3113 2477 3179 506.

454 3245 760 3316 Constat
793 3242 987 3313 enim
1021 3266 1116 3313 ex
1149 3242 1361 3334 pulsu
1385 3240 1641 3333 primo,
1668 3263 1840 3311 mox
1865 3251 2128 3327 tractu,
2154 3242 2386 3314 omnis
2411 3266 2570 3337 rep-

454 3360 691 3433 tilium
737 3369 999 3440 motus,
1045 3357 1232 3428 sicut
1277 3365 1637 3449 postrema
1681 3355 1805 3427 ina
1840 3366 1885 3397 “
1905 3381 1991 3428 ac
2024 3369 2186 3451 post
2218 3369 2424 3455 terga
2455 3384 2568 3432 re-

456 3485 500 3517 “
533 3474 836 3568 linquit”
870 3474 1136 3545 diserte
1169 3472 1516 3544 indicant.

555 3591 968 3686 Adjiciatur
1016 3614 1243 3662 unum
1294 3590 1531 3660 adhuc
1583 3590 1675 3661 de
1723 3613 2094 3662 cervorum
2149 3591 2321 3687 fuga
2376 3592 2570 3662 inter

457 3707 888 3779 venandum.
990 3706 1278 3801 Virgilii
1312 3706 1602 3799 quidem
1638 3720 1811 3778 sunt
1838 3717 2140 3779 venusta
2173 3718 2248 3779 et
2284 3718 2568 3778 naturae

457 3823 630 3895 satis
665 3822 1186 3905 convenientia,

630 3946 798 4008 Ecce
826 3945 977 4008 ferae
1006 3944 1140 4010 saxi
1166 3944 1427 4031 dejectae
1457 3942 1687 4007 vertice
1716 3965 1925 4030 caprae

629 4046 983 4112 Decurrere
1002 4045 1215 4134 jugis:
1262 4044 1385 4110 alia
1411 4044 1493 4109 de
1521 4058 1700 4130 parte
1730 4060 2020 4131 patentes

1446 4167 1503 4217 G
1539 4154 1586 4217 4
