<?xml version="1.0" encoding="UTF-8"?>
<!DOCTYPE html PUBLIC "-//W3C//DTD XHTML 1.0 Transitional//EN"
    "http://www.w3.org/TR/xhtml1/DTD/xhtml1-transitional.dtd">
<html xmlns="http://www.w3.org/1999/xhtml" xml:lang="en" lang="en">
 <head>
  <title>
</title>
<meta http-equiv="Content-Type" content="text/html;charset=utf-8" />
  <meta name='ocr-system' content='tesseract 3.04.00' />
  <meta name='ocr-capabilities' content='ocr_page ocr_carea ocr_par ocr_line ocrx_word'/>
</head>
<body>
  <div class='ocr_page' id='page_1' title='image "./praelectionesac00coplgoog/praelectionesac00coplgoog_0088.png"; bbox 0 0 3559 5575; ppageno 0'>
   <div class='ocr_carea' id='block_1_1' title="bbox 272 546 1327 616">
    <p class='ocr_par' dir='ltr' id='par_1_1' title="bbox 272 546 1327 616">
     <span class='ocr_line' id='line_1_1' title="bbox 272 546 1327 616; baseline 0 0"><span class='ocrx_word' id='word_1_1' title='bbox 272 549 390 616; x_wconf 78' lang='lat' dir='ltr'>Pur.</span> <span class='ocrx_word' id='word_1_2' title='bbox 403 547 449 614; x_wconf 85' lang='lat' dir='ltr'>V..</span> <span class='ocrx_word' id='word_1_3' title='bbox 601 549 667 612; x_wconf 89' lang='lat' dir='ltr'>DE</span> <span class='ocrx_word' id='word_1_4' title='bbox 691 546 1007 614; x_wconf 86' lang='lat' dir='ltr'><strong>IMITATIONE.</strong></span> <span class='ocrx_word' id='word_1_5' title='bbox 1149 579 1162 590; x_wconf 86' lang='lat'><strong>·</strong></span> <span class='ocrx_word' id='word_1_6' title='bbox 1287 547 1327 616; x_wconf 80' lang='grc'>71</span> 
     </span>
    </p>
   </div>
   <div class='ocr_carea' id='block_1_2' title="bbox 359 717 1283 989">
    <p class='ocr_par' dir='ltr' id='par_1_2' title="bbox 359 717 1283 989">
     <span class='ocr_line' id='line_1_2' title="bbox 359 717 1174 807; baseline -0.002 -21"><span class='ocrx_word' id='word_1_7' title='bbox 359 717 508 786; x_wconf 84' lang='lat' dir='ltr'>Cernend</span> <span class='ocrx_word' id='word_1_8' title='bbox 522 717 718 806; x_wconf 85' lang='lat' dir='ltr'>pulcherque</span> <span class='ocrx_word' id='word_1_9' title='bbox 732 718 845 794; x_wconf 66' lang='lat' dir='ltr'>timon</span> <span class='ocrx_word' id='word_1_10' title='bbox 869 717 1025 807; x_wconf 79' lang='lat' dir='ltr'>spirisque</span> <span class='ocrx_word' id='word_1_11' title='bbox 1037 718 1174 784; x_wconf 83' lang='lat' dir='ltr'>remissis</span> 
     </span>
     <span class='ocr_line' id='line_1_3' title="bbox 359 820 1122 886; baseline -0.001 0"><span class='ocrx_word' id='word_1_12' title='bbox 359 822 591 886; x_wconf 85' lang='lat' dir='ltr'>Mansuescunt</span> <span class='ocrx_word' id='word_1_13' title='bbox 605 821 683 886; x_wconf 85' lang='lat' dir='ltr'>varii</span> <span class='ocrx_word' id='word_1_14' title='bbox 698 835 794 886; x_wconf 87' lang='lat' dir='ltr'>vento</span> <span class='ocrx_word' id='word_1_15' title='bbox 807 833 947 886; x_wconf 71' lang='lat' dir='ltr'>oeamnte</span> <span class='ocrx_word' id='word_1_16' title='bbox 961 820 1122 885; x_wconf 77' lang='lat' dir='ltr'>dmoonea</span> 
     </span>
     <span class='ocr_line' id='line_1_4' title="bbox 888 924 1283 989; baseline -0.005 -1"><span class='ocrx_word' id='word_1_17' title='bbox 888 925 1021 989; x_wconf 68' lang='lat' dir='ltr'>Creon.</span> <span class='ocrx_word' id='word_1_18' title='bbox 1038 925 1125 988; x_wconf 89' lang='lat' dir='ltr'>Rur.</span> <span class='ocrx_word' id='word_1_19' title='bbox 1144 925 1193 988; x_wconf 91' lang='lat'>11.</span> <span class='ocrx_word' id='word_1_20' title='bbox 1208 924 1283 988; x_wconf 73' lang='grc'><strong>851.</strong></span> 
     </span>
    </p>
   </div>
   <div class='ocr_carea' id='block_1_3' title="bbox 270 1031 1344 3547">
    <p class='ocr_par' dir='ltr' id='par_1_3' title="bbox 270 1031 1332 1574">
     <span class='ocr_line' id='line_1_5' title="bbox 270 1031 1329 1132; baseline -0.006 -21"><span class='ocrx_word' id='word_1_21' title='bbox 270 1031 348 1112; x_wconf 78' lang='lat' dir='ltr'>Viri</span> <span class='ocrx_word' id='word_1_22' title='bbox 365 1058 569 1131; x_wconf 81' lang='lat' dir='ltr'>quenquam</span> <span class='ocrx_word' id='word_1_23' title='bbox 587 1035 625 1106; x_wconf 92' lang='lat' dir='ltr'>id</span> <span class='ocrx_word' id='word_1_24' title='bbox 643 1037 749 1108; x_wconf 89' lang='lat' dir='ltr'>credo</span> <span class='ocrx_word' id='word_1_25' title='bbox 765 1035 903 1132; x_wconf 83' lang='lat' dir='ltr'>fugere,</span> <span class='ocrx_word' id='word_1_26' title='bbox 920 1059 1029 1131; x_wconf 89' lang='lat' dir='ltr'>quam</span> <span class='ocrx_word' id='word_1_27' title='bbox 1047 1035 1168 1107; x_wconf 89' lang='lat' dir='ltr'>omnia</span> <span class='ocrx_word' id='word_1_28' title='bbox 1183 1036 1222 1106; x_wconf 92' lang='lat' dir='ltr'>in</span> <span class='ocrx_word' id='word_1_29' title='bbox 1245 1058 1329 1106; x_wconf 89' lang='lat' dir='ltr'>con-</span> 
     </span>
     <span class='ocr_line' id='line_1_6' title="bbox 272 1153 1332 1250; baseline -0.005 -23"><span class='ocrx_word' id='word_1_30' title='bbox 272 1164 398 1250; x_wconf 83' lang='lat' dir='ltr'>spectu</span> <span class='ocrx_word' id='word_1_31' title='bbox 423 1163 545 1247; x_wconf 88' lang='lat' dir='ltr'>ponat,</span> <span class='ocrx_word' id='word_1_32' title='bbox 564 1175 672 1246; x_wconf 90' lang='lat' dir='ltr'>quam</span> <span class='ocrx_word' id='word_1_33' title='bbox 695 1153 734 1224; x_wconf 92' lang='lat' dir='ltr'>in</span> <span class='ocrx_word' id='word_1_34' title='bbox 755 1155 823 1226; x_wconf 91' lang='lat' dir='ltr'>hoc</span> <span class='ocrx_word' id='word_1_35' title='bbox 840 1153 916 1226; x_wconf 84' lang='lat' dir='ltr'>fere</span> <span class='ocrx_word' id='word_1_36' title='bbox 932 1162 1031 1224; x_wconf 88' lang='lat' dir='ltr'>totus</span> <span class='ocrx_word' id='word_1_37' title='bbox 1047 1154 1196 1235; x_wconf 83' lang='lat' dir='ltr'>laboret,</span> <span class='ocrx_word' id='word_1_38' title='bbox 1213 1162 1332 1225; x_wconf 78' lang='lat' dir='ltr'>utres</span> 
     </span>
     <span class='ocr_line' id='line_1_7' title="bbox 271 1265 1329 1362; baseline -0.002 -22"><span class='ocrx_word' id='word_1_39' title='bbox 271 1293 369 1341; x_wconf 84' lang='lat' dir='ltr'>verae</span> <span class='ocrx_word' id='word_1_40' title='bbox 386 1269 550 1362; x_wconf 87' lang='lat' dir='ltr'>vivaeque</span> <span class='ocrx_word' id='word_1_41' title='bbox 567 1268 939 1361; x_wconf 86' lang='lat' dir='ltr'>exprimantur-non</span> <span class='ocrx_word' id='word_1_42' title='bbox 961 1279 1005 1340; x_wconf 88' lang='lat' dir='ltr'>ut</span> <span class='ocrx_word' id='word_1_43' title='bbox 1027 1269 1190 1340; x_wconf 83' lang='lat' dir='ltr'>ardorem</span> <span class='ocrx_word' id='word_1_44' title='bbox 1216 1265 1329 1340; x_wconf 88' lang='lat' dir='ltr'>animi</span> 
     </span>
     <span class='ocr_line' id='line_1_8' title="bbox 272 1383 1329 1478; baseline -0.004 -21"><span class='ocrx_word' id='word_1_45' title='bbox 272 1385 421 1470; x_wconf 84' lang='lat' dir='ltr'>excitet,</span> <span class='ocrx_word' id='word_1_46' title='bbox 438 1384 501 1456; x_wconf 89' lang='lat' dir='ltr'>sed</span> <span class='ocrx_word' id='word_1_47' title='bbox 525 1407 607 1478; x_wconf 83' lang='lat' dir='ltr'>quse</span> <span class='ocrx_word' id='word_1_48' title='bbox 631 1384 749 1455; x_wconf 89' lang='lat' dir='ltr'>ductis</span> <span class='ocrx_word' id='word_1_49' title='bbox 764 1385 870 1456; x_wconf 88' lang='lat' dir='ltr'>lineis</span> <span class='ocrx_word' id='word_1_50' title='bbox 885 1384 1002 1477; x_wconf 90' lang='lat' dir='ltr'>pictor</span> <span class='ocrx_word' id='word_1_51' title='bbox 1018 1385 1185 1468; x_wconf 85' lang='lat' dir='ltr'>efficeret,</span> <span class='ocrx_word' id='word_1_52' title='bbox 1202 1383 1329 1457; x_wconf 85' lang='lat' dir='ltr'>eadem</span> 
     </span>
     <span class='ocr_line' id='line_1_9' title="bbox 272 1498 793 1574; baseline -0.004 0"><span class='ocrx_word' id='word_1_53' title='bbox 272 1511 316 1574; x_wconf 92' lang='lat' dir='ltr'>ut</span> <span class='ocrx_word' id='word_1_54' title='bbox 334 1501 451 1573; x_wconf 87' lang='lat' dir='ltr'>verbis</span> <span class='ocrx_word' id='word_1_55' title='bbox 468 1498 638 1572; x_wconf 89' lang='lat' dir='ltr'>distincta</span> <span class='ocrx_word' id='word_1_56' title='bbox 654 1501 793 1572; x_wconf 87' lang='lat' dir='ltr'>reddat.</span> 
     </span>
    </p>

    <p class='ocr_par' dir='ltr' id='par_1_4' title="bbox 271 1614 1344 3547">
     <span class='ocr_line' id='line_1_10' title="bbox 323 1614 1332 1710; baseline 0 -22"><span class='ocrx_word' id='word_1_57' title='bbox 323 1618 419 1688; x_wconf 90' lang='lat' dir='ltr'>Sunt</span> <span class='ocrx_word' id='word_1_58' title='bbox 444 1614 604 1710; x_wconf 84' lang='lat' dir='ltr'>profecto</span> <span class='ocrx_word' id='word_1_59' title='bbox 629 1615 692 1708; x_wconf 94' lang='lat' dir='ltr'>qui</span> <span class='ocrx_word' id='word_1_60' title='bbox 717 1615 856 1687; x_wconf 81' lang='lat' dir='ltr'>vividas</span> <span class='ocrx_word' id='word_1_61' title='bbox 883 1615 1062 1699; x_wconf 85' lang='lat' dir='ltr'>mirantur</span> <span class='ocrx_word' id='word_1_62' title='bbox 1084 1615 1243 1686; x_wconf 86' lang='lat' dir='ltr'>ferarum</span> <span class='ocrx_word' id='word_1_63' title='bbox 1269 1617 1332 1688; x_wconf 91' lang='lat' dir='ltr'>de-</span> 
     </span>
     <span class='ocr_line' id='line_1_11' title="bbox 271 1731 1329 1828; baseline -0.004 -21"><span class='ocrx_word' id='word_1_64' title='bbox 271 1732 482 1827; x_wconf 75' lang='lat' dir='ltr'><strong>scriptiones</strong></span> <span class='ocrx_word' id='word_1_65' title='bbox 508 1753 597 1826; x_wconf 85' lang='lat' dir='ltr'>quas</span> <span class='ocrx_word' id='word_1_66' title='bbox 622 1731 840 1803; x_wconf 84' lang='lat' dir='ltr'>carminibus</span> <span class='ocrx_word' id='word_1_67' title='bbox 862 1732 937 1828; x_wconf 81' lang='lat' dir='ltr'>suis</span> <span class='ocrx_word' id='word_1_68' title='bbox 955 1732 1136 1804; x_wconf 85' lang='lat' dir='ltr'>Homerus</span> <span class='ocrx_word' id='word_1_69' title='bbox 1157 1731 1329 1803; x_wconf 87' lang='lat' dir='ltr'>inseruit:</span> 
     </span>
     <span class='ocr_line' id='line_1_12' title="bbox 272 1847 1332 1956; baseline -0.004 -34"><span class='ocrx_word' id='word_1_70' title='bbox 272 1873 390 1956; x_wconf 82' lang='lat' dir='ltr'>neque</span> <span class='ocrx_word' id='word_1_71' title='bbox 406 1849 558 1945; x_wconf 90' lang='lat' dir='ltr'>injuria:</span> <span class='ocrx_word' id='word_1_72' title='bbox 585 1849 755 1942; x_wconf 90' lang='lat' dir='ltr'>quoniam</span> <span class='ocrx_word' id='word_1_73' title='bbox 778 1859 867 1920; x_wconf 92' lang='lat' dir='ltr'>tunc</span> <span class='ocrx_word' id='word_1_74' title='bbox 890 1849 1044 1920; x_wconf 86' lang='lat' dir='ltr'>materia</span> <span class='ocrx_word' id='word_1_75' title='bbox 1065 1849 1183 1920; x_wconf 88' lang='lat' dir='ltr'>utitur</span> <span class='ocrx_word' id='word_1_76' title='bbox 1208 1847 1332 1931; x_wconf 91' lang='lat' dir='ltr'>nobili,</span> 
     </span>
     <span class='ocr_line' id='line_1_13' title="bbox 272 1959 1337 2061; baseline -0.002 -23"><span class='ocrx_word' id='word_1_77' title='bbox 272 1959 356 2061; x_wconf 67' lang='lat' dir='ltr'>qum</span> <span class='ocrx_word' id='word_1_78' title='bbox 378 1976 417 2038; x_wconf 85' lang='lat' dir='ltr'>et</span> <span class='ocrx_word' id='word_1_79' title='bbox 432 1988 509 2037; x_wconf 93' lang='lat' dir='ltr'>rem</span> <span class='ocrx_word' id='word_1_80' title='bbox 530 1965 740 2060; x_wconf 89' lang='lat' dir='ltr'>plemmque</span> <span class='ocrx_word' id='word_1_81' title='bbox 763 1965 922 2037; x_wconf 81' lang='lat' dir='ltr'>illustrat</span> <span class='ocrx_word' id='word_1_82' title='bbox 938 1965 1189 2057; x_wconf 84' lang='lat' dir='ltr'>pulcherrime,</span> <span class='ocrx_word' id='word_1_83' title='bbox 1200 1975 1244 2036; x_wconf 72' lang='lat' dir='ltr'>‚et</span> <span class='ocrx_word' id='word_1_84' title='bbox 1258 1966 1337 2060; x_wconf 51' lang='lat' dir='ltr'>leo,</span> 
     </span>
     <span class='ocr_line' id='line_1_14' title="bbox 271 2081 1330 2177; baseline -0.004 -22"><span class='ocrx_word' id='word_1_85' title='bbox 271 2093 389 2155; x_wconf 83' lang='lat' dir='ltr'>torem</span> <span class='ocrx_word' id='word_1_86' title='bbox 406 2081 621 2177; x_wconf 84' lang='lat' dir='ltr'>imaginibus</span> <span class='ocrx_word' id='word_1_87' title='bbox 637 2082 739 2154; x_wconf 81' lang='lat' dir='ltr'>novis</span> <span class='ocrx_word' id='word_1_88' title='bbox 756 2082 882 2166; x_wconf 88' lang='lat' dir='ltr'>reficit,</span> <span class='ocrx_word' id='word_1_89' title='bbox 896 2091 934 2153; x_wconf 88' lang='lat' dir='ltr'>et</span> <span class='ocrx_word' id='word_1_90' title='bbox 945 2105 1017 2154; x_wconf 92' lang='lat' dir='ltr'>non</span> <span class='ocrx_word' id='word_1_91' title='bbox 1030 2105 1112 2152; x_wconf 90' lang='lat' dir='ltr'>raro</span> <span class='ocrx_word' id='word_1_92' title='bbox 1124 2082 1173 2152; x_wconf 89' lang='lat' dir='ltr'>ad</span> <span class='ocrx_word' id='word_1_93' title='bbox 1189 2091 1330 2152; x_wconf 85' lang='lat' dir='ltr'>naturae</span> 
     </span>
     <span class='ocr_line' id='line_1_15' title="bbox 272 2197 1329 2291; baseline -0.003 -20"><span class='ocrx_word' id='word_1_94' title='bbox 272 2198 546 2271; x_wconf 85' lang='lat' dir='ltr'>similitudinem</span> <span class='ocrx_word' id='word_1_95' title='bbox 563 2198 726 2291; x_wconf 88' lang='lat' dir='ltr'>proxime</span> <span class='ocrx_word' id='word_1_96' title='bbox 740 2198 889 2270; x_wconf 86' lang='lat' dir='ltr'>accedit.</span> <span class='ocrx_word' id='word_1_97' title='bbox 925 2197 1032 2281; x_wconf 84' lang='lat' dir='ltr'>Quod</span> <span class='ocrx_word' id='word_1_98' title='bbox 1045 2199 1075 2268; x_wconf 92' lang='lat' dir='ltr'>si</span> <span class='ocrx_word' id='word_1_99' title='bbox 1090 2198 1128 2268; x_wconf 93' lang='lat' dir='ltr'>in</span> <span class='ocrx_word' id='word_1_100' title='bbox 1147 2208 1329 2271; x_wconf 89' lang='lat' dir='ltr'>certamen</span> 
     </span>
     <span class='ocr_line' id='line_1_16' title="bbox 275 2313 1330 2406; baseline -0.004 -18"><span class='ocrx_word' id='word_1_101' title='bbox 275 2316 362 2388; x_wconf 85' lang='lat' dir='ltr'>artis</span> <span class='ocrx_word' id='word_1_102' title='bbox 374 2315 533 2402; x_wconf 65' lang='lat' dir='ltr'>ueniant,</span> <span class='ocrx_word' id='word_1_103' title='bbox 546 2315 677 2385; x_wconf 84' lang='lat' dir='ltr'>cedant</span> <span class='ocrx_word' id='word_1_104' title='bbox 689 2313 816 2406; x_wconf 90' lang='lat' dir='ltr'>opinor</span> <span class='ocrx_word' id='word_1_105' title='bbox 831 2314 1089 2385; x_wconf 88' lang='lat' dir='ltr'>recentioribus</span> <span class='ocrx_word' id='word_1_106' title='bbox 1105 2313 1330 2406; x_wconf 88' lang='lat' dir='ltr'>quibusdam,</span> 
     </span>
     <span class='ocr_line' id='line_1_17' title="bbox 276 2429 1331 2524; baseline -0.001 -23"><span class='ocrx_word' id='word_1_107' title='bbox 276 2430 405 2524; x_wconf 87' lang='lat' dir='ltr'>quibus</span> <span class='ocrx_word' id='word_1_108' title='bbox 425 2430 495 2501; x_wconf 85' lang='lat' dir='ltr'>etsi</span> <span class='ocrx_word' id='word_1_109' title='bbox 515 2430 660 2524; x_wconf 90' lang='lat' dir='ltr'>ingenio</span> <span class='ocrx_word' id='word_1_110' title='bbox 682 2453 747 2500; x_wconf 88' lang='lat' dir='ltr'>suo</span> <span class='ocrx_word' id='word_1_111' title='bbox 772 2429 955 2501; x_wconf 89' lang='lat' dir='ltr'>interdum</span> <span class='ocrx_word' id='word_1_112' title='bbox 975 2429 1083 2499; x_wconf 88' lang='lat' dir='ltr'>nimis</span> <span class='ocrx_word' id='word_1_113' title='bbox 1108 2429 1331 2524; x_wconf 84' lang='lat' dir='ltr'>indulgeant,</span> 
     </span>
     <span class='ocr_line' id='line_1_18' title="bbox 276 2541 1333 2638; baseline -0.003 -21"><span class='ocrx_word' id='word_1_114' title='bbox 276 2545 372 2617; x_wconf 83' lang='lat' dir='ltr'>inest</span> <span class='ocrx_word' id='word_1_115' title='bbox 386 2553 509 2626; x_wconf 83' lang='lat' dir='ltr'>tamen</span> <span class='ocrx_word' id='word_1_116' title='bbox 527 2544 692 2635; x_wconf 87' lang='lat' dir='ltr'>proprius</span> <span class='ocrx_word' id='word_1_117' title='bbox 709 2543 805 2614; x_wconf 88' lang='lat' dir='ltr'>nitor</span> <span class='ocrx_word' id='word_1_118' title='bbox 822 2553 933 2634; x_wconf 85' lang='lat' dir='ltr'>atque</span> <span class='ocrx_word' id='word_1_119' title='bbox 949 2541 1139 2636; x_wconf 81' lang='lat' dir='ltr'>elegantia,</span> <span class='ocrx_word' id='word_1_120' title='bbox 1156 2553 1194 2614; x_wconf 91' lang='lat' dir='ltr'>et</span> <span class='ocrx_word' id='word_1_121' title='bbox 1210 2544 1333 2638; x_wconf 85' lang='lat' dir='ltr'>singu-</span> 
     </span>
     <span class='ocr_line' id='line_1_19' title="bbox 276 2657 1344 2753; baseline -0.002 -20"><span class='ocrx_word' id='word_1_122' title='bbox 276 2660 361 2733; x_wconf 91' lang='lat' dir='ltr'>laris</span> <span class='ocrx_word' id='word_1_123' title='bbox 378 2660 544 2753; x_wconf 83' lang='lat' dir='ltr'>quaedam</span> <span class='ocrx_word' id='word_1_124' title='bbox 562 2658 601 2728; x_wconf 92' lang='lat' dir='ltr'>in</span> <span class='ocrx_word' id='word_1_125' title='bbox 619 2659 778 2730; x_wconf 88' lang='lat' dir='ltr'>externis</span> <span class='ocrx_word' id='word_1_126' title='bbox 795 2657 1030 2752; x_wconf 84' lang='lat' dir='ltr'>depingendis</span> <span class='ocrx_word' id='word_1_127' title='bbox 1047 2657 1209 2729; x_wconf 86' lang='lat' dir='ltr'>felicitas.</span> <span class='ocrx_word' id='word_1_128' title='bbox 1239 2659 1344 2731; x_wconf 86' lang='lat' dir='ltr'>Leo--</span> 
     </span>
     <span class='ocr_line' id='line_1_20' title="bbox 275 2769 1331 2868; baseline -0.002 -17"><span class='ocrx_word' id='word_1_129' title='bbox 275 2801 359 2851; x_wconf 89' lang='lat' dir='ltr'>nem</span> <span class='ocrx_word' id='word_1_130' title='bbox 377 2771 441 2848; x_wconf 78' lang='lat' dir='ltr'>ille</span> <span class='ocrx_word' id='word_1_131' title='bbox 461 2775 569 2848; x_wconf 90' lang='lat' dir='ltr'>hahet</span> <span class='ocrx_word' id='word_1_132' title='bbox 588 2773 645 2863; x_wconf 81' lang='lat' dir='ltr'>(ut</span> <span class='ocrx_word' id='word_1_133' title='bbox 662 2776 826 2867; x_wconf 88' lang='lat' dir='ltr'>exemplo</span> <span class='ocrx_word' id='word_1_134' title='bbox 850 2772 1012 2868; x_wconf 89' lang='lat' dir='ltr'>utamur)</span> <span class='ocrx_word' id='word_1_135' title='bbox 1034 2774 1243 2848; x_wconf 83' lang='lat' dir='ltr'>saevientem</span> <span class='ocrx_word' id='word_1_136' title='bbox 1265 2769 1331 2866; x_wconf 83' lang='lat' dir='ltr'>ira,</span> 
     </span>
     <span class='ocr_line' id='line_1_21' title="bbox 273 2890 1330 2985; baseline 0.002 -22"><span class='ocrx_word' id='word_1_137' title='bbox 273 2892 504 2965; x_wconf 85' lang='lat' dir='ltr'>venatoribus</span> <span class='ocrx_word' id='word_1_138' title='bbox 526 2890 687 2985; x_wconf 90' lang='lat' dir='ltr'>undique</span> <span class='ocrx_word' id='word_1_139' title='bbox 712 2901 865 2984; x_wconf 85' lang='lat' dir='ltr'>septum,</span> <span class='ocrx_word' id='word_1_140' title='bbox 887 2901 951 2963; x_wconf 88' lang='lat' dir='ltr'>aut</span> <span class='ocrx_word' id='word_1_141' title='bbox 971 2890 1105 2985; x_wconf 77' lang='lat' dir='ltr'>praedae</span> <span class='ocrx_word' id='word_1_142' title='bbox 1129 2891 1330 2965; x_wconf 82' lang='lat' dir='ltr'>inhiantem</span> 
     </span>
     <span class='ocr_line' id='line_1_22' title="bbox 272 3006 1331 3103; baseline -0.001 -22"><span class='ocrx_word' id='word_1_143' title='bbox 272 3006 365 3081; x_wconf 79' lang='grc' dir='ltr'>-Ιιὶ</span> <span class='ocrx_word' id='word_1_144' title='bbox 390 3010 475 3080; x_wconf 83' lang='lat' dir='ltr'>seroe</span> <span class='ocrx_word' id='word_1_145' title='bbox 500 3006 654 3103; x_wconf 89' lang='lat' dir='ltr'>effigiem</span> <span class='ocrx_word' id='word_1_146' title='bbox 683 3007 912 3091; x_wconf 86' lang='lat' dir='ltr'>adumbrant,</span> <span class='ocrx_word' id='word_1_147' title='bbox 942 3006 1101 3103; x_wconf 88' lang='lat' dir='ltr'>singulos</span> <span class='ocrx_word' id='word_1_148' title='bbox 1128 3019 1331 3080; x_wconf 88' lang='lat' dir='ltr'>monstrant</span> 
     </span>
     <span class='ocr_line' id='line_1_23' title="bbox 272 3122 1332 3223; baseline -0.003 -24"><span class='ocrx_word' id='word_1_149' title='bbox 272 3136 407 3223; x_wconf 86' lang='lat' dir='ltr'>gestus,</span> <span class='ocrx_word' id='word_1_150' title='bbox 424 3125 601 3196; x_wconf 87' lang='lat' dir='ltr'>diducunt</span> <span class='ocrx_word' id='word_1_151' title='bbox 618 3122 739 3207; x_wconf 87' lang='lat' dir='ltr'>rictus,</span> <span class='ocrx_word' id='word_1_152' title='bbox 752 3123 878 3196; x_wconf 87' lang='lat' dir='ltr'>dentes</span> <span class='ocrx_word' id='word_1_153' title='bbox 897 3122 1073 3216; x_wconf 83' lang='lat' dir='ltr'>aperiunt,</span> <span class='ocrx_word' id='word_1_154' title='bbox 1081 3125 1209 3218; x_wconf 87' lang='lat' dir='ltr'>jubam</span> <span class='ocrx_word' id='word_1_155' title='bbox 1226 3149 1332 3219; x_wconf 85' lang='lat' dir='ltr'>quas-</span> 
     </span>
     <span class='ocr_line' id='line_1_24' title="bbox 273 3238 1331 3335; baseline -0.004 -20"><span class='ocrx_word' id='word_1_156' title='bbox 273 3249 471 3315; x_wconf 85' lang='lat' dir='ltr'>sant—aut</span> <span class='ocrx_word' id='word_1_157' title='bbox 495 3240 650 3332; x_wconf 90' lang='lat' dir='ltr'>denique</span> <span class='ocrx_word' id='word_1_158' title='bbox 675 3238 795 3333; x_wconf 88' lang='lat' dir='ltr'>aliqua</span> <span class='ocrx_word' id='word_1_159' title='bbox 824 3238 964 3323; x_wconf 84' lang='lat' dir='ltr'>addunt</span> <span class='ocrx_word' id='word_1_160' title='bbox 989 3238 1076 3309; x_wconf 88' lang='lat' dir='ltr'>foris</span> <span class='ocrx_word' id='word_1_161' title='bbox 1102 3241 1226 3331; x_wconf 85' lang='lat' dir='ltr'>petita,</span> <span class='ocrx_word' id='word_1_162' title='bbox 1248 3264 1331 3335; x_wconf 88' lang='lat' dir='ltr'>quae</span> 
     </span>
     <span class='ocr_line' id='line_1_25' title="bbox 274 3353 1331 3449; baseline -0.002 -20"><span class='ocrx_word' id='word_1_163' title='bbox 274 3357 366 3429; x_wconf 88' lang='lat' dir='ltr'>nihil</span> <span class='ocrx_word' id='word_1_164' title='bbox 383 3358 430 3429; x_wconf 84' lang='lat' dir='ltr'>ad</span> <span class='ocrx_word' id='word_1_165' title='bbox 445 3378 522 3427; x_wconf 87' lang='lat' dir='ltr'>rem</span> <span class='ocrx_word' id='word_1_166' title='bbox 534 3354 684 3439; x_wconf 88' lang='lat' dir='ltr'>faciunt,</span> <span class='ocrx_word' id='word_1_167' title='bbox 697 3354 768 3425; x_wconf 89' lang='lat' dir='ltr'>nisi</span> <span class='ocrx_word' id='word_1_168' title='bbox 779 3364 822 3425; x_wconf 92' lang='lat' dir='ltr'>ut</span> <span class='ocrx_word' id='word_1_169' title='bbox 834 3354 1013 3447; x_wconf 86' lang='lat' dir='ltr'>picturam</span> <span class='ocrx_word' id='word_1_170' title='bbox 1026 3353 1180 3426; x_wconf 87' lang='lat' dir='ltr'>reddant</span> <span class='ocrx_word' id='word_1_171' title='bbox 1188 3357 1331 3449; x_wconf 88' lang='lat' dir='ltr'>plenam</span> 
     </span>
     <span class='ocr_line' id='line_1_26' title="bbox 274 3473 541 3547; baseline -0.022 0"><span class='ocrx_word' id='word_1_172' title='bbox 274 3484 312 3547; x_wconf 86' lang='lat' dir='ltr'>et</span> <span class='ocrx_word' id='word_1_173' title='bbox 330 3473 541 3545; x_wconf 89' lang='lat' dir='ltr'>absolutam.</span> 
     </span>
    </p>
   </div>
   <div class='ocr_carea' id='block_1_4' title="bbox 289 3546 852 3673">
    <p class='ocr_par' dir='ltr' id='par_1_5' title="bbox 289 3546 852 3673">
     <span class='ocr_line' id='line_1_27' title="bbox 289 3546 852 3673; baseline -0.009 -12"><span class='ocrx_word' id='word_1_174' title='bbox 289 3589 294 3601; x_wconf 86' lang='lat'>&#39;</span> <span class='ocrx_word' id='word_1_175' title='bbox 325 3566 672 3673; x_wconf 81' lang='lat' dir='ltr'>Quemadmodum</span> <span class='ocrx_word' id='word_1_176' title='bbox 691 3546 852 3669; x_wconf 86' lang='lat' dir='ltr'>Italicus,</span> 
     </span>
    </p>
   </div>
   <div class='ocr_carea' id='block_1_5' title="bbox 362 3706 1157 3999">
    <p class='ocr_par' dir='ltr' id='par_1_6' title="bbox 362 3706 1157 3999">
     <span class='ocr_line' id='line_1_28' title="bbox 756 3706 972 3793; baseline -0.005 -23"><span class='ocrx_word' id='word_1_177' title='bbox 756 3706 818 3770; x_wconf 80' lang='lat' dir='ltr'>Illa</span> <span class='ocrx_word' id='word_1_178' title='bbox 831 3720 972 3793; x_wconf 86' lang='lat' dir='ltr'>pererrat</span> 
     </span>
     <span class='ocr_line' id='line_1_29' title="bbox 362 3808 1121 3898; baseline -0.008 -20"><span class='ocrx_word' id='word_1_179' title='bbox 362 3815 512 3878; x_wconf 82' lang='lat' dir='ltr'>Desertus</span> <span class='ocrx_word' id='word_1_180' title='bbox 526 3810 640 3879; x_wconf 79' lang='lat' dir='ltr'>victrix</span> <span class='ocrx_word' id='word_1_181' title='bbox 654 3808 761 3888; x_wconf 87' lang='lat' dir='ltr'>valles,</span> <span class='ocrx_word' id='word_1_182' title='bbox 772 3809 905 3898; x_wconf 91' lang='lat' dir='ltr'>jamque</span> <span class='ocrx_word' id='word_1_183' title='bbox 919 3831 975 3873; x_wconf 87' lang='lat' dir='ltr'>ora</span> <span class='ocrx_word' id='word_1_184' title='bbox 989 3808 1121 3873; x_wconf 89' lang='lat' dir='ltr'>reducto</span> 
     </span>
     <span class='ocr_line' id='line_1_30' title="bbox 363 3910 1157 3999; baseline -0.004 -19"><span class='ocrx_word' id='word_1_185' title='bbox 363 3914 533 3980; x_wconf 87' lang='lat' dir='ltr'>Paullatim</span> <span class='ocrx_word' id='word_1_186' title='bbox 548 3913 649 3979; x_wconf 89' lang='lat' dir='ltr'>nudat</span> <span class='ocrx_word' id='word_1_187' title='bbox 663 3912 756 3991; x_wconf 87' lang='lat' dir='ltr'>rictu,</span> <span class='ocrx_word' id='word_1_188' title='bbox 773 3925 810 3975; x_wconf 90' lang='lat' dir='ltr'>ut</span> <span class='ocrx_word' id='word_1_189' title='bbox 822 3910 993 3999; x_wconf 70' lang='lat' dir='ltr'>praesentia</span> <span class='ocrx_word' id='word_1_190' title='bbox 1006 3912 1157 3977; x_wconf 85' lang='lat' dir='ltr'>mandens</span> 
     </span>
    </p>
   </div>
   <div class='ocr_carea' id='block_1_6' title="bbox 362 4014 1157 4105">
    <p class='ocr_par' dir='ltr' id='par_1_7' title="bbox 362 4014 1157 4105">
     <span class='ocr_line' id='line_1_31' title="bbox 362 4014 1157 4105; baseline -0.003 -22"><span class='ocrx_word' id='word_1_191' title='bbox 362 4016 514 4105; x_wconf 85' lang='lat' dir='ltr'>Corpora,</span> <span class='ocrx_word' id='word_1_192' title='bbox 530 4036 562 4082; x_wconf 83' lang='lat' dir='ltr'>et</span> <span class='ocrx_word' id='word_1_193' title='bbox 576 4014 703 4081; x_wconf 81' lang='lat' dir='ltr'>immani</span> <span class='ocrx_word' id='word_1_194' title='bbox 718 4032 854 4102; x_wconf 76' lang='lat' dir='ltr'>surgam</span> <span class='ocrx_word' id='word_1_195' title='bbox 870 4014 1042 4080; x_wconf 82' lang='lat' dir='ltr'>meditatur</span> <span class='ocrx_word' id='word_1_196' title='bbox 1055 4015 1157 4081; x_wconf 87' lang='lat' dir='ltr'>hiatu.</span> 
     </span>
    </p>
   </div>
   <div class='ocr_carea' id='block_1_7' title="bbox 275 4120 1284 4305">
    <p class='ocr_par' dir='ltr' id='par_1_8' title="bbox 275 4120 1284 4305">
     <span class='ocr_line' id='line_1_32' title="bbox 994 4120 1284 4185; baseline -0.007 -2"><span class='ocrx_word' id='word_1_197' title='bbox 994 4120 1117 4185; x_wconf 82' lang='lat' dir='ltr'>Pourc.</span> <span class='ocrx_word' id='word_1_198' title='bbox 1133 4120 1194 4185; x_wconf 91' lang='lat' dir='ltr'>1v.</span> <span class='ocrx_word' id='word_1_199' title='bbox 1210 4122 1284 4184; x_wconf 77' lang='grc'><strong>334.</strong></span> 
     </span>
     <span class='ocr_line' id='line_1_33' title="bbox 275 4208 1248 4305; baseline -0.003 -24"><span class='ocrx_word' id='word_1_200' title='bbox 275 4208 328 4282; x_wconf 76' lang='lat' dir='ltr'>Et</span> <span class='ocrx_word' id='word_1_201' title='bbox 347 4232 476 4281; x_wconf 89' lang='lat' dir='ltr'>rursus·</span> <span class='ocrx_word' id='word_1_202' title='bbox 488 4209 534 4280; x_wconf 90' lang='lat' dir='ltr'>de</span> <span class='ocrx_word' id='word_1_203' title='bbox 551 4208 645 4305; x_wconf 85' lang='lat' dir='ltr'>tigre</span> <span class='ocrx_word' id='word_1_204' title='bbox 663 4209 871 4279; x_wconf 86' lang='lat' dir='ltr'>vulnerata:</span> <span class='ocrx_word' id='word_1_205' title='bbox 1243 4219 1248 4228; x_wconf 86' lang='grc'><em>’</em></span> 
     </span>
    </p>
   </div>
   <div class='ocr_carea' id='block_1_8' title="bbox 782 4326 1250 4414">
    <p class='ocr_par' dir='ltr' id='par_1_9' title="bbox 782 4326 1250 4414">
     <span class='ocr_line' id='line_1_34' title="bbox 782 4326 1250 4414; baseline -0.009 -21"><span class='ocrx_word' id='word_1_206' title='bbox 782 4352 887 4393; x_wconf 91' lang='lat' dir='ltr'>-ceu</span> <span class='ocrx_word' id='word_1_207' title='bbox 904 4328 1034 4394; x_wconf 87' lang='lat' dir='ltr'>vulnere</span> <span class='ocrx_word' id='word_1_208' title='bbox 1048 4326 1138 4414; x_wconf 85' lang='lat' dir='ltr'>tigris</span> <span class='ocrx_word' id='word_1_209' title='bbox 1182 4398 1187 4407; x_wconf 87' lang='lat'>.</span> <span class='ocrx_word' id='word_1_210' title='bbox 1246 4372 1250 4379; x_wconf 75' lang='lat'><strong>·</strong></span> 
     </span>
    </p>
   </div>
   <div class='ocr_carea' id='block_1_9' title="bbox 336 4380 1136 4605">
    <p class='ocr_par' dir='ltr' id='par_1_10' title="bbox 336 4380 1136 4605">
     <span class='ocr_line' id='line_1_35' title="bbox 336 4380 1136 4519; baseline -0.006 -22"><span class='ocrx_word' id='word_1_211' title='bbox 336 4432 507 4499; x_wconf 73' lang='lat' dir='ltr'>.&#39;Let&#39;ifero</span> <span class='ocrx_word' id='word_1_212' title='bbox 520 4380 634 4499; x_wconf 83' lang='lat' dir='ltr'>cedens</span> <span class='ocrx_word' id='word_1_213' title='bbox 650 4432 789 4511; x_wconf 85' lang='lat' dir='ltr'>tandem,</span> <span class='ocrx_word' id='word_1_214' title='bbox 803 4432 1007 4519; x_wconf 84' lang='lat' dir='ltr'>projectaque</span> <span class='ocrx_word' id='word_1_215' title='bbox 1020 4450 1136 4517; x_wconf 85' lang='lat' dir='ltr'>corpus</span> 
     </span>
     <span class='ocr_line' id='line_1_36' title="bbox 778 4540 845 4605; baseline 0 0"><span class='ocrx_word' id='word_1_216' title='bbox 778 4552 803 4605; x_wconf 78' lang='lat' dir='ltr'><strong>F</strong></span> <span class='ocrx_word' id='word_1_217' title='bbox 822 4540 845 4605; x_wconf 76' lang='lat'><em>4</em></span> 
     </span>
    </p>
   </div>
   <div class='ocr_carea' id='block_1_10' title="bbox 0 0 1790 5575">
    <p class='ocr_par' dir='ltr' id='par_1_11' title="bbox 0 0 1790 5575">
     <span class='ocr_line' id='line_1_37' title="bbox 0 0 1790 5575; baseline 0 0"><span class='ocrx_word' id='word_1_218' title='bbox 0 0 1790 5575; x_wconf 95' lang='lat' dir='ltr'> </span> 
     </span>
    </p>
   </div>
  </div>
 </body>
</html>
