3559 5575
1003 44 1137 108 318
1659 42 1920 108 ‚PARS
1968 41 2416 107 SECUNDA
2651 42 2893 108 Pur.
2925 44 3123 108 XXV.

1004 224 1264 310 potest.
1331 215 1584 287 Etiam
1610 215 1951 287 Lucanus
1977 215 2219 287 solitos
2242 214 2511 287 deserit
2534 215 2840 288 Catonis
2880 241 3129 305 mores,

1002 355 1225 426 quum
1262 333 1634 403 ardentem
1660 354 1829 401 eum
1857 330 2114 424 patriae
2138 353 2380 401 amore
2408 330 2759 426 depingit.
2814 332 2901 401 N
2900 344 3130 404 aturae

1001 447 1195 518 enim
1230 470 1374 518 non
1410 447 1815 518 Stoicorum
1851 469 1998 517 vox
2027 446 2104 516 in
2140 447 2299 516 haec
2326 447 2548 517 verba
2580 448 2928 539 erumpit.

1872 576 2008 639 Ceu
2044 587 2243 637 morte
2271 588 2596 660 parentem

1177 677 1492 741 Natorum
1525 675 1843 753 orbatum,
1873 675 2135 762 longum
2168 674 2520 761 producere
2550 675 2746 740 funus

1177 779 1292 844 Ad
1322 777 1641 842 tumulum
1661 777 1851 864 jubet
1880 777 2016 864 ipse
2045 775 2260 842 dolor:
2298 777 2488 864 juvat
2515 777 2772 864 ignibus
2798 779 2961 842 atris

1181 880 1528 947 Inseruisse
1555 901 1805 958 manua,
1836 892 2324 965 constructoque
2352 903 2583 968 aggere
2610 879 2785 945 busti

1184 986 1409 1072 Ipsum
1438 997 1607 1048 atras
1637 981 1912 1046 tenuisse
1939 981 2141 1046 faces:
2189 1005 2316 1046 non
2346 996 2493 1046 ante
2525 981 2810 1061 revellat,

1181 1087 1561 1153 Exanimem
1592 1107 1782 1172 quam
1815 1098 1878 1149 te
1907 1084 2289 1172 complectar
2319 1086 2551 1164 Roma,
2582 1098 2902 1172 tuumque

1183 1192 1434 1255 Nomen
1465 1187 1780 1265 Libertas,
1803 1199 1868 1251 et
1895 1185 2142 1251 inanem
2171 1209 2520 1275 prosequar
2547 1187 2861 1251 umbram.

2444 1291 2718 1354 Lucan.
2751 1291 2851 1354 11.
2883 1294 3047 1361 297.

1009 1416 1155 1487 Sed
1198 1414 1390 1508 quod
1434 1423 1629 1484 recte
1677 1412 1793 1483 hic
1836 1412 2111 1482 factum
2156 1422 2290 1494 est,
2325 1423 2589 1484 caetera
2622 1413 2819 1505 prius
2857 1413 3132 1506 scripta

1007 1540 1358 1622 quantum
1393 1552 1439 1598 a
1461 1538 1722 1599 natura
1748 1528 2110 1611 recedant,
2138 1529 2519 1601 manifeste
2545 1528 2815 1624 arguit;
2850 1530 3129 1601 nedum

1009 1668 1055 1714 a
1093 1643 1408 1715 moribus
1452 1641 1747 1714 Catonis
1793 1641 2147 1713 auxilium
2197 1644 2436 1716 habet.
2543 1645 2833 1727 Contra,
2871 1644 3133 1715 AEneae

1010 1782 1240 1829 mores
1291 1769 1460 1829 ante
1519 1757 1842 1849 depictos
1896 1782 2041 1851 quo
2091 1759 2321 1854 magis
2363 1760 2751 1843 intuemur,
2797 1784 2886 1831 eo
2931 1784 3136 1832 erec-

1009 1872 1191 1945 tiore
1225 1872 1465 1944 animo
1499 1871 1930 1944 sententiam
1959 1874 2153 1944 haud
2177 1874 2574 1945 absimilem
2601 1874 3131 1968 prosequimur.

1185 1997 1302 2075 Me
1332 2009 1383 2075 si
1413 2010 1545 2074 fata
1571 2008 1726 2073 meis
1751 2022 2122 2096 paterentur
2150 2009 2384 2073 ducere
2410 2009 2604 2073 vitam

1183 2111 1531 2200 Auspiciis,
1561 2125 1635 2176 et-
1656 2124 1879 2198 sponte
1908 2132 2051 2176 mea
2076 2133 2453 2198 componere
2480 2133 2700 2187 curas3

1182 2216 1430 2282 Urbem
1464 2215 1809 2302 'frojanam
1840 2213 2142 2300 primum,
2170 2213 2516 2301 dulcesque
2545 2236 2827 2278 meorum

1182 2318 1535 2404 Relliquias
1561 2316 1826 2383 colerem
1850 2340 1869 2394 ;
1918 2317 2157 2381 Priami
2185 2330 2350 2382 tecta
2378 2316 2509 2381 alta
2535 2331 2881 2395 manerent,

1183 2422 1274 2484 Et
1301 2419 1578 2484 recidiva
1605 2442 1798 2484 manu
1828 2418 2175 2507 posuissem
2207 2421 2519 2507 Pergama
2547 2418 2744 2482 victis.

2537 2518 2696 2583 ΕΝ.
2730 2520 2849 2585 1v.
2881 2521 3040 2586 340.

1010 2643 1178 2714 Non
1229 2642 1442 2714 aliam
1498 2642 1797 2713 fortasse
1852 2645 1944 2714 ob
1995 2666 2282 2715 causam
2333 2643 2410 2713 in
2455 2641 2702 2736 Trojae
2752 2665 3128 2738 expugna-

1009 2760 1230 2849 tione,
1263 2759 1548 2844 AEneaS,
1582 2767 1840 2853 utpote
1878 2759 2321 2854 praeteritam
2367 2781 2525 2831 rem
2570 2780 2889 2842 narranS,
2924 2758 3128 2830 nobi-

1007 2878 1149 2949 lem
1184 2877 1381 2948 illam
1417 2876 1849 2948 sententiam
1885 2872 2094 2946 brevi
2107 2876 2667 2969 ’complectiturz

1099 3014 1578 3101 Pulchrumque
1607 3012 1764 3077 mori
1797 3012 2105 3077 succurrit
2135 3013 2200 3078 in
2229 3013 2438 3078 armiS.
2552 3014 2718 3077 ΖΕΝ.
2753 3012 2853 3076 ΙΙ.
2882 3014 3035 3079 317.

1010 3143 1118 3214 At
1153 3143 1509 3225 Turnum,
1542 3142 1674 3226 ira,
1708 3165 1974 3225 amore,
2008 3143 2258 3237 gloriae
2292 3142 2627 3234 cupidine
2670 3142 3122 3236 flagrantem,

1008 3258 1302 3329 omnino
1335 3256 1577 3328 decuit
1611 3258 1862 3330 eodem
1897 3258 1969 3328 in
2020 3270 2448 3355 argumento
2495 3256 2844 3351 copiosius
2893 3258 3124 3327 multo

1009 3381 1086 3444 et
1110 3392 1253 3441 non
1289 3372 1441 3441 sine
1473 3372 1792 3465 graviter
1827 3383 2206 3444 commotae
2244 3372 2504 3445 mentis
2537 3372 2803 3444 indicio
2831 3371 3124 3443 versari.

1018 3575 1024 3581 ⁴
1101 3504 1168 3570 Si
1197 3504 1434 3569 nullam
1465 3507 1692 3571 nostris
1722 3508 1894 3573 ultra
1921 3532 2093 3597 spem
2126 3511 2308 3597 ponis
2337 3510 2402 3575 in
2431 3511 2657 3585 armis;

1100 3605 1166 3670 Si
1197 3621 1322 3672 tam
1354 3606 1583 3672 deserti
1614 3631 1855 3691 sumus,
1887 3625 1951 3675 et
1981 3610 2169 3676 semel
2200 3612 2451 3700 agmine
2479 3636 2659 3677 verso

1097 3692 1419 3774 Funditus
1446 3709 1811 3790 occidimuS‚
1844 3736 2050 3800 neque
2079 3713 2270 3779 habet
2302 3715 2592 3780 Fortuna
2619 3737 3018 3832 regressum;

1095 3814 1370 3878 Oremus
1397 3836 1639 3901 pacem,
1671 3828 1738 3879 et
1765 3815 2021 3881 dextras
2050 3815 2429 3881 tendamus
2413 3839 2697 3881 mermes.

1094 3916 1475 4004 Quanquam
1508 3918 1610 3982 02
1661 3917 1711 3981 si
1743 3917 1943 3982 solitae
1970 3918 2312 4004 quicquam
2337 3919 2591 3984 virtutis
2616 3917 2899 3990 adessetz
