3559 5575
427 921 786 1008 PRAELECTIO
814 923 1059 1016 QUINTA.

214 1181 282 1245 Res
301 1179 424 1266 copiose
448 1186 478 1242 et
497 1177 723 1264 particulatim
748 1179 902 1241 mrorrori
925 1178 1088 1242 Merulam
1110 1185 1275 1265 oportere:

251 1281 440 1369 praesmtim
453 1281 483 1343 ri
497 1279 541 1342 ud
554 1301 709 1366 magnum
723 1279 853 1366 aliquod
865 1287 1016 1346 struatur
1030 1282 1099 1345 nia.
1130 1280 1277 1367 Volupta-

260 1392 322 1448 tem
336 1392 441 1446 tumea
454 1381 529 1444 iude
543 1390 646 1445 ortum
656 1403 780 1467 parum
794 1403 835 1445 ea·
849 1383 1034 1447 imitatione
1041 1382 1193 1469 peredere.
1231 1383 1276 1445 Iu

261 1486 485 1549 Este-morum
506 1484 691 1547 imitatione
710 1484 850 1569 (eccepto
870 1484 1025 1572 Wrgs'lio)
1044 1485 1192 1549 excellere
1212 1506 1278 1549 uon

260 1607 400 1652 summor
407 1595 532 1674 poetas,
547 1585 604 1650 sed
616 1585 750 1650 marmio
760 1585 940 1672 promimus.

610 1793 887 1846 *-

220 1955 506 2056 PRAECIPUO
517 1987 594 2082 jam
613 1997 738 2060 notato
755 2010 886 2072 errore,
899 1985 964 2082 qui
975 1986 1177 2078 complures
1192 2007 1277 2078 poe·

217 2112 274 2176 tas
299 2102 336 2172 in
363 2101 659 2195 descriptionibus
686 2106 779 2176 male
804 2105 926 2191 habet,
942 2113 986 2174 ut
1007 2102 1170 2174 nesciant
1187 2101 1277 2196 quid

216 2217 265 2288 sit
282 2217 380 2302 satis,
398 2217 491 2289 sicut
513 2218 559 2291 de
582 2219 785 2316 Protogene
801 2219 971 2314 Apellem
988 2217 1124 2289 dixisse
1148 2217 1276 2302 fertur,

217 2343 407 2404 “manum
433 2357 517 2404 eum
542 2317 589 2406 de
614 2337 737 2407 tabula
761 2359 834 2408 non
859 2334 951 2406 scire
974 2335 1130 2418 tollere,”
1154 2333 1278 2425 proxi·

218 2471 321 2521 mum
347 2458 470 2520 estut
496 2450 644 2522 doceam
669 2473 778 2544 quem
806 2451 854 2520 ad
880 2451 1030 2520 modum
1055 2446 1279 2519 memorabili

218 2565 282 2637 illo
307 2572 489 2657 praecepto
505 2565 561 2634 uti
586 2574 762 2658 oporteat,
787 2561 941 2634 uirorum
963 2584 1096 2634 nocere
1119 2559 1280 2658 diligen-

218 2678 323 2752 tiam.
373 2679 525 2751 Etenim
549 2682 656 2776 longe
678 2705 700 2752 a
726 2679 908 2774 proposito
925 2681 1049 2752 aberat
1065 2691 1109 2752 ut
1124 2703 1182 2752 res
1207 2679 1279 2752 sin-

217 2796 373 2895 gulatim
390 2796 548 2868 enarrari
565 2806 604 2869 et
621 2822 686 2869 sua
704 2794 834 2893 cuique
856 2797 988 2891 apponi
1011 2798 1183 2894 adjuncta
1198 2797 1279 2870 ubi·

219 2938 290 3009 que
315 2914 525 3007 improbem,
550 2923 724 3009 tanquam
750 2938 773 2985 a
802 2914 908 2985 Poesi
932 2913 1079 2987 omnino
1106 2914 1276 2986 alienum.

219 3029 368 3125 Frigide
384 3041 482 3103 certe
507 3033 575 3103 boc
598 3041 718 3125 potest
735 3028 813 3103 fieri
836 3042 945 3126 atque
967 3031 1147 3125 imperite,
1162 3031 1278 3103 veluti

219 3146 258 3217 in
275 3146 515 3239 compluribus
539 3148 714 3241 exemplis
740 3156 981 3219 monstratum
1002 3147 1122 3229 volui;
1146 3156 1190 3218 ut
1214 3170 1278 3219 ne-

220 3285 290 3356 que
307 3262 528 3333 manifestior
544 3263 647 3334 fieret
662 3262 817 3355 pictura,
829 3286 948 3357 neque
964 3262 1107 3334 animus
1123 3263 1278 3358 legendo

221 3378 491 3450 concalesceret.
542 3378 595 3448 At
613 3401 698 3449 vero
715 3378 745 3448 si
762 3388 859 3449 caste
875 3388 914 3449 et
934 3400 999 3448 suo
1015 3379 1094 3449 loco
1111 3377 1280 3449 adhibea-

221 3506 292 3579 tur,
310 3492 470 3563 maxima
491 3503 546 3564 est
566 3494 644 3587 ejus
667 3492 722 3563 vis
747 3493 785 3563 in
809 3492 1031 3593 concitandis
1053 3492 1226 3580 sensibus,
1240 3502 1280 3565 et

220 3620 381 3683 mentem
398 3608 519 3681 reddit
536 3608 678 3681 lectoris
695 3608 885 3694 intentam,
899 3610 1065 3693 alacrem,
1079 3618 1278 3691 actuosam

221 3738 353 3800 utnon
372 3726 478 3799 modo
493 3724 538 3797 iis
555 3750 638 3821 quae
654 3725 692 3797 in
710 3736 879 3822 promptu
898 3726 972 3797 sint
987 3736 1161 3821 tanquam
1185 3749 1279 3819 prae·
1317 3764 1324 3775 ·

222 3844 382 3916 sentibus
399 3843 608 3928 delectetur,
626 3867 750 3916 verum
768 3854 806 3916 et
823 3845 929 3917 avide
951 3843 1143 3939 prospiciat
1167 3855 1277 3941 atque

223 3970 408 4053 exspectet
424 3960 559 4032 futura

271 4077 357 4147 Jam
379 4076 416 4147 in
440 4100 502 4149 ore
521 4077 683 4149 omnium
709 4089 792 4150 sunt
816 4077 878 4149 illa
903 4077 1055 4150 Homeri
1071 4078 1117 4150 de
1133 4070 1282 4149 Achille

223 4215 325 4265 arma
341 4190 513 4264 divinitus
538 4192 607 4265 sibi
628 4193 748 4267 delata
771 4192 954 4266 induente.
1006 4194 1154 4277 Quanto
1169 4216 1279 4287 appa·

222 4318 317 4392 ratu,
343 4308 441 4403 quob
466 4332 508 4380 ac
522 4333 642 4411 'quam
666 4310 807 4411 minuta
829 4334 951 4411 rerum
976 4308 1207 4382 distinctione
1231 4309 1279 4379 ad

222 4425 359 4498 rabiem
388 4425 514 4497 invicti
546 4426 674 4515 herois,
701 4437 738 4499 et
771 4427 940 4520 praelium
969 4425 1060 4497 illud
1087 4427 1278 4519 plusquam
1316 4409 1324 4423 ’
