3559 5575
260 60 495 123 Pam„
528 54 913 122 XXXIII.
1012 56 1142 121 DE
1190 57 1771 123 PHANTASIA.
2250 62 2378 125 433

441 229 737 293 Funera:
784 249 923 304 nec,
953 248 1102 291 cum
1132 249 1197 291 se
1226 228 1347 292 sub
1374 226 1544 315 leges
1572 227 1743 314 pacis
1768 226 2005 314 iniquae

444 329 838 409 Tradiderit,
868 351 1065 415 regno
1094 341 1207 393 aut
1233 328 1450 415 opta'ta
1478 329 1619 394 luce
1647 330 1940 403 fruatur;

446 431 569 496 Sed
602 430 790 496 cadat
817 445 966 494 ante
994 429 1186 509 diem,
1215 429 1548 516 mediaque
1576 429 1944 494 inhumatus
1970 453 2176 496 arena.

444 534 610 597 Haec
660 552 920 616 precor;
992 530 1156 595 hanc
1203 553 1416 595 vocem
1472 545 1818 595 extremam
1876 553 2018 595 cum
2078 532 2381 618 sanguine

529 631 752 696 fundo·
1805 633 1961 696 AEN.
1996 634 2112 696 IV.
2143 633 2290 699 611.

274 813 652 883 Hactenus
685 810 1011 881 animum
1044 809 1315 902 optime
1349 809 1644 904 depingi
1674 811 1914 883 furore
1954 823 2030 884 et
2065 813 2382 885 vindicta

270 937 706 1000 aestuantem
758 926 885 996 vix
944 925 1357 1020 negaveris:
1412 936 1658 996 utrum
1713 950 1879 998 vero
1937 929 2146 1000 aliter
2202 929 2384 1000 ceci-

269 1043 462 1115 derit
495 1064 716 1134 quam
762 1064 1008 1133 preces
1047 1041 1308 1125 ferant,
1343 1063 1506 1110 cum
1542 1041 1637 1110 sit
1669 1041 2049 1126 incertum,
2084 1045 2384 1117 debilior

270 1159 541 1229 idcirco
576 1167 731 1228 tota
761 1180 874 1228 res
909 1165 1019 1227 est
1053 1167 1128 1227 et
1161 1156 1313 1226 ictu
1348 1179 1619 1227 carens.
1721 1157 1831 1228 At
1856 1181 2021 1251 quae
2054 1160 2382 1251 proxime

270 1282 697 1367 sequuntur,
731 1281 986 1364 utpote
1036 1271 1232 1341 fama
1281 1293 1519 1340 rerum
1571 1270 1910 1356 stabilita,
1952 1275 2193 1367 ecquis
2238 1297 2382 1345 non

271 1392 740 1461 vehementer
771 1397 1172 1458 commotus
1204 1385 1380 1480 legit
1401 1386 1437 1455 Ρ

448 1558 620 1622 Tum
652 1580 785 1635 vos,
819 1558 877 1620 Ο
913 1554 1125 1642 Tyrii,
1155 1554 1412 1640 stirpem
1443 1570 1507 1619 et
1533 1579 1737 1642 genus
1762 1580 1948 1622 omne
1976 1559 2268 1625 futurum

449 1663 760 1725 Exercete
787 1658 986 1734 odiis;
1033 1657 1353 1743 cinerique
1380 1656 1516 1721 haec
1545 1658 1771 1722 mittite
1800 1675 2014 1725 nostro

452 1763 764 1825 Munera:
814 1758 1030 1824 nullus
1058 1781 1235 1822 amor
1262 1758 1538 1845 populis,
1570 1782 1683 1823 nec
1712 1760 1954 1825 foedera
1983 1779 2186 1829 sunto.

451 1864 783 1936 Exoriare
810 1863 1046 1949 aliquis
1074 1863 1315 1925 nostris
1343 1882 1423 1923 ea·
1451 1862 1694 1925 ossibus
1723 1863 1918 1941 ultor,

455 1965 583 2042 Qui
611 1964 749 2028 face
778 1963 1137 2028 Dardanios
1162 1963 1459 2047 ferroque
1486 1985 1747 2048 sequare
1773 1962 2046 2042 oolonos,

452 2069 669 2145 Nunc,
699 2066 873 2145 olim,
901 2087 1285 2153 quocunque
1313 2063 1560 2128 dabunt
1589 2087 1653 2128 se
1683 2079 1964 2152 tempore
1992 2067 2170 2133 vires.

455 2168 681 2233 Litora
705 2166 996 2232 litoribus
1022 2164 1356 2244 contraria,
1386 2164 1686 2230 fluctibus
1715 2165 1921 2230 undas

457 2270 807 2356 Imprecor‚
834 2290 1011 2333 arma
1038 2267 1260 2332 armis:
1310 2281 1596 2354 pugnent
1623 2268 1870 2356 ipsique
1899 2286 2173 2357 nepotes,

1803 2373 1965 2436 [ΕΝ.
2000 2375 2118 2438 1v.
2151 2374 2302 2441 622.

382 2533 530 2605 Sed
578 2556 672 2604 ne
721 2531 882 2626 quis
926 2534 1140 2626 hujus
1182 2531 1321 2603 loci
1365 2531 1511 2602 vim
1566 2532 1794 2627 magis
1852 2534 1945 2604 ad
1999 2536 2388 2608 affectuum

282 2659 524 2742 partes
575 2647 1022 2719 referendam
1063 2647 1366 2740 judicet,
1409 2648 1715 2719 alterum
1774 2648 1974 2719 illum
2028 2651 2390 2735 adeamus,

281 2764 412 2835 ubi
461 2788 651 2836 seras
703 2763 961 2836 Romae
1010 2762 1335 2834 fortunas
1386 2786 1631 2834 severo
1685 2788 1769 2835 ac
1817 2766 2023 2858 gravi
2067 2791 2391 2839 sermone

283 2880 554 2952 evolvit
587 2878 905 2972 Jupiter,
938 2889 1021 2950 ut
1054 2879 1413 2950 Venerem
1460 2878 1647 2948 curis
1696 2889 2031 2950 vexatam
2085 2884 2393 2973 permul-

282 3007 469 3078 ceat,
503 3006 579 3066 et
614 3005 979 3087 conceptae
1014 2993 1256 3064 timori
1293 2992 1684 3064 medeatur.

465 3114 630 3178 Inde
657 3113 830 3200 lupoe
858 3113 1038 3177 fulvo
1067 3112 1327 3176 nutricis
1357 3111 1629 3199 tegmine
1656 3111 1841 3176 laetus

462 3214 783 3281 Romulus
812 3213 1080 3301 excipiet
1108 3226 1385 3300 gentem,
1415 3226 1479 3276 et
1508 3212 1831 3276 Mavortia
1857 3212 2085 3278 condet

465 3317 735 3396 Moenia,
766 3319 1216 3401 Romanosque
1245 3338 1361 3378 suo
1390 3314 1471 3378 de
1500 3314 1751 3378 nomine
1779 3314 1961 3378 dicet.

464 3422 603 3485 His
631 3441 751 3507 ego
778 3441 891 3482 nec
916 3427 1115 3481 metas
1143 3438 1382 3495 rerum,
1412 3438 1524 3480 nec
1552 3426 1834 3503 tempora
1856 3440 2022 3505 pono
2040 3444 2061 3482 .·

467 3522 815 3609 Imperium
849 3520 979 3584 sine
1006 3520 1133 3583 fine
1160 3518 1331 3583 dedi.
1420 3518 1589 3597 Quin
1619 3542 1840 3607 aspera
1868 3522 1915 3584 J
1920 3543 2070 3601 un0,

467 3626 631 3703 Quae
660 3646 831 3687 mare
862 3644 1030 3686 nunc
1059 3636 1382 3707 terrasque
1411 3636 1585 3686 metu
1617 3622 1977 3710 coelumque
2006 3625 2252 3713 fatigat,

467 3724 747 3791 Consilia
771 3724 837 3788 in
868 3722 1091 3787 melius
1119 3723 1384 3798 referet;
1432 3746 1809 3812 mecumque
1837 3726 2077 3790 fovebit

466 3828 795 3892 Romanos
820 3848 1032 3890 rerum
1062 3825 1371 3903 domino&
1400 3843 1780 3914 gentemque
1811 3840 2110 3913 togatam.

1884 3925 2038 3991 AEN.
2074 3928 2120 3992 1.
2155 3931 2306 3999 279.

1288 3976 1414 4099 rs'
