3559 5575
412 982 769 1153 PRAELEcTrd
808 1070 1064 1162 QUARTA.

206 1321 293 1385 Rem
315 1344 410 1408 quam
432 1325 575 1389 imitetur
591 1328 729 1412 scriptor
747 1349 808 1391 sua
829 1335 940 1413 sponte
956 1325 1129 1413 prastaam
1149 1335 1264 1391 sumat.

255 1423 300 1486 In
314 1423 578 1512 descriptionibus
593 1437 704 1491 errant
718 1437 821 1515 poetae
838 1431 868 1492 si
885 1428 981 1490 nimii
997 1429 1063 1491 sint
1082 1438 1112 1492 at
1132 1428 1265 1515 opernm

255 1523 367 1589 Pauca
384 1527 494 1612 potius
508 1528 650 1591 notanda
663 1549 735 1615 qaae
749 1531 798 1592 rei
813 1531 952 1592 maxime
970 1530 1039 1592 sint
1055 1532 1214 1617 proprim·
1236 1537 1268 1594 ct

253 1645 328 1712 quae
339 1627 513 1714 simplicem
527 1629 596 1715 qiu
609 1631 785 1718 insaginam
799 1631 898 1694 menti
911 1629 1073 1716 adjiciunt.

599 1879 880 1930 ...φ-.-

211 2066 247 2161 J
248 2093 328 2164 AM
333 2095 536 2166 PRIDEM
554 2094 591 2166 in
615 2096 852 2189 expendenda
870 2095 1028 2168 Poeticae
1046 2093 1265 2168 Imitationis

211 2221 341 2282 natura
358 2221 431 2282 tam
450 2211 557 2284 multi
574 2213 720 2299 fuimus,
733 2224 774 2285 ut
787 2212 1010 2305 paucissimis
1023 2235 1111 2305 opus
1124 2212 1265 2305 sit‚qu0

212 2326 258 2397 ad
274 2326 467 2418 pleniorem
487 2329 594 2422 hujus
610 2328 680 2399 loci
698 2328 950 2399 tractationem
972 2328 1263 2423 progrediamur:

213 2451 250 2512 et
272 2442 420 2512 fortasse
446 2441 533 2513 satis
558 2443 625 2513 erit
650 2444 729 2512 haec
753 2443 860 2513 modo
876 2465 940 2513 vos
962 2443 1119 2513 breviter
1144 2439 1267 2512 admo-

213 2575 317 2634 nere;
333 2555 458 2625 “Tria
483 2579 603 2626 rerum
629 2555 747 2647 posita
772 2578 848 2626 esse
872 2578 1007 2650 genera
1029 2577 1112 2648 quae
1131 2551 1267 2625 imitari

214 2668 411 2740 “diximus
429 2669 600 2753 Poetam;
626 2668 754 2763 primo,
772 2671 941 2742 Externa
957 2671 1098 2752 omnia;
1124 2671 1266 2757 deinde,

212 2794 235 2827 “
246 2784 423 2872 Affectus,
435 2788 568 2870 Mores,
579 2788 784 2859 Sententias
795 2798 832 2860 et
844 2789 1048 2881 Conceptus
1058 2788 1264 2871 hominum

211 2906 232 2943 ‘⁴
249 2902 368 2985 tertio,
386 2902 472 2974 vitae
489 2902 717 2997 fortunaeque
734 2904 904 2975 humanae
921 2896 1129 2976 rationem?
1180 2900 1186 2908 ’

259 3016 322 3087 Ex
340 3017 395 3088 his
412 3027 534 3090 autem
551 3019 725 3110 partibus,
737 3018 771 3090 ei
783 3043 865 3113 quae
879 3019 916 3090 in
931 3014 1092 3091 externis
1100 3029 1264 3091 versatur

209 3132 404 3207 maximam
422 3158 498 3205 esse
515 3157 597 3205 cum
614 3134 755 3227 pictura
773 3134 1002 3207 societatem:
1027 3135 1066 3206 in
1082 3130 1264 3212 nonuullr‘s

209 3256 330 3319 tamen
357 3251 462 3345 longe
485 3272 561 3321 esse
585 3252 630 3321 ab
655 3274 699 3322 ea
719 3251 910 3337 diversam,
926 3266 965 3324 et
983 3252 1142 3345 proprios
1158 3275 1265 3346 quos·

210 3364 293 3435 dam
306 3366 395 3435 fines
409 3366 550 3447 habere,
563 3366 714 3458 propriis
726 3367 883 3460 gaudere
893 3367 1043 3461 legibus,
1055 3391 1144 3460 quas
1157 3368 1264 3438 multi

209 3504 281 3552 non
304 3481 428 3551 vident
454 3491 518 3551 aut
542 3480 627 3551 visis
652 3503 778 3573 parum
807 3471 1067 3573 obtemperant.
1119 3481 1265 3554 Accidit

209 3597 318 3683 enim,
332 3596 451 3667 nescio
468 3619 539 3689 quo
556 3606 672 3687 pacto,
685 3605 727 3667 ut
741 3596 824 3667 huic
840 3594 936 3688 parti
953 3620 991 3667 se
1008 3595 1176 3669 addicunt
1188 3597 1263 3669 fere

210 3736 332 3784 omnes
362 3711 424 3805 qui
453 3712 646 3783 Poetarum
675 3734 805 3783 nomen
837 3704 1084 3797 affectant,'et
1110 3713 1197 3786 satis
1224 3738 1262 3787 se

210 3828 326 3899 Musis
348 3830 504 3900 facturos
530 3828 761 3912 arbitrantur,
787 3828 817 3899 si
843 3818 964 3923 aquas,
988 3829 1018 3901 si
1041 3832 1261 3924 scopulosa

208 3945 363 4039 pecudes
380 3957 417 4016 et
435 3967 576 4015 amoena
592 3968 677 4016 rura
693 3945 851 4017 carmine
875 3970 1064 4019 numeroso
1087 3957 1260 4041 strepant,

208 4073 247 4133 et
275 4084 498 4155 quaecunque
526 4060 564 4131 in
590 4060 754 4132 manibus
779 4063 912 4135 habent
926 4050 1027 4135 'belle
1053 4064 1260 4161 depingant,

203 4182 303 4273 justa
320 4178 476 4270 partium
490 4187 528 4249 et
540 4179 697 4249 colorum
715 4188 752 4249 et
765 4179 959 4250 formarum
973 4180 1113 4253 ratione
1126 4181 1259 4253 habita.

210 4294 264 4365 Hi
281 4318 365 4365 vero
381 4294 466 4365 licet
483 4294 628 4365 omnino
645 4286 830 4365 mihi'falli
847 4295 1028 4382 videntur,
1044 4318 1116 4368 nan
1141 4320 1185 4368 eo
1205 4305 1261 4367 tn-

209 4432 292 4483 men
304 4412 471 4503 abreptus
482 4408 715 4483 sumfastidio
726 4420 767 4483 ut
776 4410 952 4505 poeticam
963 4411 1107 4483 laudem
1116 4432 1260 4503 prorsus
