3559 5575
514 512 559 578 8⁰
885 503 1008 573 PARS
1029 501 1192 574 rama
1364 499 1484 576 lim.
1503 509 1577 578 111.

514 691 592 756 tate
606 681 778 754 totalem
798 681 991 754 tenebaturr
1005 679 1213 775 antiquitas,
1228 691 1353 754 tamen
1377 681 1576 776 imperium

513 797 656 870 illoram
681 816 754 869 non
779 807 835 869 eat
864 797 1000 869 veritus
1029 798 1231 870 detrectare
1258 797 1486 872 doetiuunus
1519 803 1577 872 vir

513 913 695 1010 §mugen
719 913 783 1008 qui
806 937 871 986 auo
897 935 998 989 more
1024 915 1270 987 stomachatur
1299 914 1485 986 Poeticnm
1517 941 1576 990 ur-

513 1038 589 1103 tam
615 1051 779 1103 mancam
805 1030 909 1124 quasi
934 1039 973 1103 et
995 1029 1242 1102 circumcisam
1264 1031 1417 1124 propriis
1438 1031 1574 1105 finibus
1649 1122 1650 1125 Ἴ

513 1147 672 1230 excludi,
693 1147 724 1218 ai
748 1169 830 1218 eam
854 1145 1058 1218 imitatione
1082 1148 1158 1218 sola
1177 1143 1354 1218 contineri
1375 1157 1573 1221 statuatur.
1649 1178 1651 1285 p

511 1262 577 1334 Sic
597 1262 705 1346 enim,
730 1262 794 1347 ait,
818 1283 891 1333 non
917 1262 1050 1357 injuria
1066 1274 1277 1345 commotus,
1303 1265 1419 1334 multa
1441 1267 1574 1336 carmi-

513 1402 603 1452 nam
620 1389 739 1451 ment
754 1401 899 1474 genera
913 1398 1066 1473 quorum
1091 1381 1231 1450 nullum
1247 1379 1316 1450 hoc
1332 1379 1370 1450 in
1386 1401 1496 1452 censu
1514 1405 1573 1454 re·

513 1506 743 1590 ponerentur,
760 1493 908 1588 Lysim,
933 1495 1062 1581 Scolia,
1087 1493 1239 1590 Elegia,
1257 1495 1409 1588 Hymni,
1435 1498 1505 1568 nlla
1531 1499 1570 1570 in

513 1612 642 1706 quibus
656 1613 754 1683 nulla
767 1620 887 1682 exstat
900 1609 1068 1695 imitatio,
1082 1611 1145 1682 aed
1157 1610 1336 1682 enarratio
1345 1621 1490 1683 tantum
1503 1625 1572 1685 aut

510 1727 707 1821 explicatio
719 1737 957 1819 conceptuum
971 1746 1096 1798 eornm
1106 1727 1168 1820 qui
1181 1749 1230 1798 ex
1245 1726 1323 1819 ipso
1335 1726 1502 1799 oriuntur
1512 1729 1572 1799 in·

513 1843 621 1938 penio
637 1842 810 1912 canentia
835 1841 954 1923 Quum
970 1841 1010 1912 in
1026 1841 1243 1914 seutentiam
1260 1845 1444 1936 complura
1458 1846 1571 1917 homo

514 1957 677 2048 nopionts
692 1958 845 2040 locatus,
861 1956 991 2029 statuit
1006 1957 1155 2029 tandem
1166 1958 1341 2030 Imitandi
1358 1980 1491 2030 munus
1505 1983 1570 2032 ne-

513 2093 585 2165 que
601 2071 864 2144 detrahendum
880 2093 957 2144 esse
973 2072 1234 2169 Poetis‚neque
1249 2075 1294 2145 iis
1310 2072 1394 2146 solis
1408 2096 1486 2147 esse
1502 2076 1570 2148 tri-

513 2187 719 2270 buendum
743 2187 876 2282 quippe
902 2188 951 2260 ad
978 2208 1122 2261 omnem
1151 2201 1267 2262 artem
1292 2211 1376 2284 quoe
1405 2192 1568 2266 oratione

513 2327 580 2398 pro
591 2303 831 2377 instrumento
843 2313 969 2376 utatur
980 2303 1219 2376 imitatlonem
1232 2306 1433 2398 pertinere:
1448 2331 1568 2403 neque

514 2419 633 2494 minus
648 2421 839 2494 'Oratorem
860 2432 926 2492 aut
950 2421 1173 2493 Histon'cnm
1197 2423 1266 2493 hoc
1290 2443 1438 2496 munere
1460 2425 1568 2522 fungi

513 2557 621 2631 quam
649 2537 811 2611 Paetum.
862 2537 1001 2609 Renum
1027 2537 1124 2608 enim
1146 2534 1320 2634 imagines
1342 2559 1420 2612 esse
1444 2543 1566 2613 rerba.

513 2655 769 2742 Quamobrem,
790 2665 833 2727 ut
854 2677 940 2726 vera
957 2653 1080 2726 Poesls
1104 2655 1356 2744 constituatur,
1373 2655 1451 2728 aliis
1476 2679 1566 2750 opus

514 2794 593 2842 mee
615 2769 846 2866 adjumentis,
870 2792 918 2842 ex
945 2768 1025 2842 aliis
1050 2791 1193 2866 qnoque
1218 2771 1379 2844 fontibus
1399 2773 1568 2846 haurien-

514 2884 623 2956 dum:
649 2906 766 2979 neque
782 2884 870 2957 satis
885 2906 963 2956 eme
979 2898 1021 2958 ut
1037 2886 1224 2959 bominum
1239 2898 1466 2981 exponantur
1483 2914 1567 2962 con·

514 2998 606 3087 cilia,
622 3022 812 3083 marones,
829 3000 997 3087 fortnnae,
1012 3000 1083 3073 nisi
1106 3013 1145 3075 et
1166 3002 1317 3075 affectus
1341 3016 1565 3092 moveantur,

514 3114 584 3186 nisi
609 3137 711 3187 mens
735 3114 881 3187 fervidis
906 3115 1111 3210 impellatur
1126 3120 1367 3212 conceptibus,
1383 3120 1452 3192 nisi
1476 3121 1567 3193 ima-

513 3231 658 3328 ginibus
682 3230 890 3316 delectetur,
914 3244 1024 3328 atque
1043 3234 1142 3306 omni
1166 3255 1349 3331 generosae
1370 3237 1566 3331 voluptatis

513 3360 688 3443 apparatu
705 3348 915 3420 mulceatur.

564 3466 655 3550 Qum
672 3464 793 3538 omnia
812 3464 945 3537 summi
961 3463 1031 3535 viri
1055 3476 1235 3559 praecepta
1251 3467 1318 3538 etsi
1335 3469 1567 3540 vehementer

513 3584 671 3677 probem,
688 3582 778 3654 illud
794 3592 917 3653 tamen
935 3579 1108 3665 desidero,
1125 3582 1222 3675 quod
1246 3582 1426 3676 praecipue
1441 3583 1479 3653 in
1496 3584 1567 3655 hac

513 3708 616 3791 parte
633 3697 868 3791 quaerendum
885 3696 1039 3779 videtur,
1057 3718 1214 3790 quanam
1239 3698 1374 3771 scilicet
1396 3700 1442 3771 de
1458 3724 1568 3773 cansa

514 3808 601 3884 Ars
622 3805 818 3881 Imitntrt'a
844 3810 943 3883 dicta
967 3812 1014 3883 sit
1040 3811 1175 3896 Poenis,
1201 3824 1241 3885 et
1262 3815 1566 3908 quemadmodum

513 3928 591 4021 ejus
608 3924 663 3997 vis
679 3926 799 4019 posita
811 3947 888 3999 case
906 3926 1119 4000 imitatione
1131 3938 1228 4001 recte
1245 3930 1397 4003 dicatur.

562 4041 642 4115 Alii
657 4042 762 4115 aliter
777 4045 846 4115 hac
863 4044 911 4116 dc
924 4064 964 4115 re
976 4055 1203 4132 censuerunt,
1215 4037 1367 4141 qnorum
1381 4046 1566 4141 opiniones

513 4154 670 4254 singulas
686 4157 850 4253 persequi
863 4169 903 4232 et
917 4162 1065 4255 longum
1083 4184 1168 4234 sane
1181 4173 1274 4235 esset
1290 4170 1328 4234 et
1339 4163 1564 4236 laboriosum.

511 4273 566 4347 At
578 4275 746 4369 quoniam
764 4296 881 4370 neque
898 4276 945 4347 ab
960 4278 1036 4347 ullo
1047 4285 1221 4363 vetnrrm,
1232 4288 1408 4372 quantum
1421 4279 1505 4364 scio,
1519 4278 1565 4351 dc

512 4393 580 4465 hac
596 4390 796 4487 quastione
812 4401 979 4465 accurrate
995 4402 1051 4464 est
1063 4392 1299 4486 disputatum,
1310 4416 1427 4489 neque
1443 4418 1566 4468 recen·
