3559 5575
457 155 521 220 100
826 148 948 214 PARS
971 147 1131 212 PRIMA
1295 146 1412 210 Pacu.
1426 147 1514 211 VII.

456 337 551 400 turae
580 324 778 407 clamitant,
808 321 872 394 sed
900 323 1019 415 ipsum
1045 317 1189 413 proprio
1210 320 1295 414 jure
1321 319 1514 392 dominari.

456 442 564 514 Unde
589 440 620 512 si
644 459 717 534 qua
740 439 778 510 in
804 463 843 510 re
866 461 952 510 vero
976 436 1158 508 discedere
1180 435 1357 519 videatur,
1373 437 1514 507 factum

456 581 528 629 non
546 558 720 637 abnuunt,
738 556 879 646 culpam
897 577 969 625 non
988 560 1189 624 extenuant
1200 562 1294 621 :-“
1305 551 1409 622 licuit
1425 550 1515 644 quia

458 683 480 716 “
497 671 622 743 libuit'’
639 671 844 740 exclamant
857 670 1062 760 z-culpam
1079 666 1226 737 omnino
1242 690 1319 737 esse
1334 676 1480 761 negant.

507 786 567 858 Sic
583 795 687 856 vetus
712 784 802 855 illud
826 783 1038 856 Callimachi
1061 784 1255 874 carpebant
1277 782 1398 876 aliqui,
1415 783 1513 875 quod

458 902 610 974 Cervam
627 899 752 972 fecerit
769 910 967 972 cornutam.
1003 899 1128 970 Etiam
1140 898 1354 970 Aristoteles
1371 898 1512 990 peccari

456 1017 495 1088 in
513 1019 581 1088 hoc
598 1012 728 1087 leuiter
740 1016 870 1108 potius,
884 1040 993 1111 quam
1006 1024 1194 1107 peccatum
1212 1036 1285 1084 noo
1296 1035 1377 1085 crae
1388 1015 1511 1086 sentit.

458 1131 594 1204 Contra
623 1141 745 1225 aperte
772 1130 934 1203 defendit
959 1128 1128 1224 Scaliger.
1179 1128 1423 1215 “Cur.enim‚
1446 1127 1510 1211 ait,

458 1255 481 1288 “
499 1247 621 1319 Poetae
637 1271 709 1318 non
726 1246 828 1318 licuit
844 1269 979 1317 cornua
995 1243 1164 1326 tribuere,
1181 1242 1241 1313 cui
1256 1241 1367 1314 etiam
1387 1243 1510 1314 credas

458 1371 481 1405 ‘⁶
498 1362 660 1434 cantanti
676 1385 784 1433 aurea
799 1361 910 1432 fuisse
922 1361 1051 1430 illa⁸?''
1067 1369 1147 1430 tum
1160 1358 1313 1429 Achillis
1325 1381 1459 1452 equum
1470 1359 1509 1429 in

459 1477 573 1549 Iliade
588 1480 795 1570 loquentem
808 1486 845 1548 et
857 1477 1005 1548 navium
1017 1476 1057 1546 in
1070 1476 1259 1568 Nymphas
1271 1475 1510 1546 mutationem

429 1619 430 1626 ¹
457 1600 630 1685 tanquam
648 1592 749 1684 paria
764 1590 849 1662 huic
864 1591 1021 1662 licentiae
1038 1591 1204 1682 exempla
1220 1588 1424 1681 praetendit.

509 1707 735 1779 Permultum
748 1707 916 1800 equidem
927 1707 1037 1777 miror
1049 1704 1265 1777 sententiam
1279 1705 1368 1777 adeo
1378 1704 1510 1776 exilem

458 1845 505 1894 ex
516 1823 680 1894 acerrimi
691 1821 827 1918 ingenii
836 1821 914 1893 viro
924 1821 1109 1893 excidisse.
1136 1821 1219 1892 Non
1233 1819 1329 1892 enim
1343 1829 1510 1891 naturam

457 1940 632 2011 excedere
649 1939 910 2010 Callimachum
927 1937 1043 2008 critici
1058 1936 1120 2008 isti
1136 1934 1430 2020 criminabantur,
1447 1937 1512 2008 sed

457 2055 722 2148 imprudentem
753 2054 896 2126 violare.
960 2053 1052 2136 Quis
1081 2062 1203 2124 autem
1232 2073 1305 2123 non
1335 2053 1408 2124 duo
1434 2075 1511 2124 esse

457 2174 564 2265 plane
580 2172 721 2244 diversa
738 2170 847 2243 sentit
852 2169 1019 2263 fingere,
1036 2178 1073 2240 et
1090 2165 1255 2241 errare?
1276 2170 1368 2251 Quae
1384 2168 1511 2262 utique

458 2287 652 2380 voluptatis
667 2310 777 2357 causa
793 2295 917 2378 aperte
934 2284 1091 2369 simulat,
1105 2283 1372 2377 quantumlibet
1383 2308 1406 2354 a
1418 2284 1511 2355 veris

458 2403 588 2485 absint,
602 2402 844 2473 condonamus
862 2399 1046 2492 scriptori3
1063 2397 1175 2470 immo
1187 2422 1230 2470 ea
1246 2421 1342 2491 saepe
1357 2401 1512 2491 amplec-

457 2515 571 2587 timur
587 2515 725 2586 avidius
743 2523 779 2586 et
798 2513 981 2601 miramur,
993 2536 1065 2606 quo
1083 2513 1196 2608 magis
1213 2512 1285 2583 sint
1298 2512 1509 2608 pmdigiosa

459 2631 589 2724 Neque
611 2631 707 2702 enim
730 2654 753 2701 a
772 2652 954 2724 quoquam
971 2630 1061 2700 illud
1077 2628 1166 2701 vitio
1183 2629 1262 2701 dari
1279 2629 1439 2700 Homero
1456 2652 1513 2701 ar-

458 2748 582 2831 bitror,
595 2747 692 2842 quod
708 2755 922 2841 perpetuum
939 2770 1002 2819 ver
1017 2745 1187 2819 offuderit
1205 2745 1379 2839 Calypsirs
1396 2755 1512 2830 antro,

458 2865 657 2957 herbasque
679 2873 717 2934 et
738 2862 841 2935 flores
866 2863 992 2934 fecerit
1012 2862 1089 2933 sine
1113 2861 1228 2933 imbre
1250 2861 1424 2957 vigentes,
1446 2871 1511 2934 aut

459 2978 545 3074 quia
556 2979 593 3051 in
604 2979 749 3053 Alcinoi
761 2979 873 3053 hortis
891 2981 1033 3051 arbores
1050 3001 1115 3071 per
1130 2987 1249 3049 totum
1265 3000 1401 3050 annum
1416 2978 1512 3049 fruc·

459 3095 582 3169 tiferos
599 3097 777 3190 posuerit3

541 3240 688 3325 Ὀγχιαι,
704 3240 752 3304 καὶ
768 3240 849 3327 ῥοιαὶ,
866 3239 914 3302 καὶ
929 3237 1033 3321 μηλέαι
1049 3239 1263 3325 ἀγλαόκαρποι,

546 3344 644 3408 Συκαῖ
657 3368 687 3405 τι
702 3342 851 3427 γλυκεραὶ,
868 3342 916 3404 καὶ
932 3344 1024 3404 ἐλαῖαι
1040 3340 1223 3418 τηλεθόωσαι·

546 3442 630 3505 Talao
645 3441 742 3507 odron
757 3444 860 3527 καρπὸς
875 3442 1048 3523 ἀπόλλυται,
1060 3444 1113 3507 οὐδ’
1129 3440 1262 3507 ἐπιλείπει

461 3590 465 3597 -
548 3542 703 3625 Χιὶματις,
718 3545 777 3608 οὐδὲ
792 3542 892 3629 dipsas,
908 3546 1058 3623 inertiores.
1201 3546 1323 3610 Ocrea.
1340 3549 1381 3608 H.
1394 3546 1466 3608 115.

461 3674 543 3756 Quo
556 3672 643 3766 quid
661 3672 774 3769 magis
787 3683 928 3745 naturae
944 3675 1134 3746 adversum
1150 3673 1349 3771 excogitari
1364 3672 1511 3767 potuit?

462 3789 534 3861 Sed
549 3788 587 3860 iu
607 3788 660 3859 his
676 3812 782 3861 nemo
802 3789 988 3882 decipitur.
1040 3790 1158 3861 Nemo
1183 3800 1327 3884 poetam
1352 3788 1513 3862 audaciae

856 4020 990 4080 ·P0etic.
1006 4042 1034 4099 p.
1050 4040 1082 4079 ar
1090 4039 1117 4099 5.
