3559 5575
460 177 686 243 Pam„
722 177 996 244 XXIV.
1137 180 1268 244 DE
1314 179 1948 247 AFFECTIBUS.
2440 184 2571 254 300

633 347 934 414 Herculis
961 371 1275 414 aerumnas
1302 350 1542 431 credat,
1574 373 1900 438 saevosque
1929 349 2197 430 labores,

630 453 722 515 Et
752 451 1015 529 Venere,
1045 464 1110 517 et
1136 450 1332 516 ooenis
1360 466 1426 516 et
1454 452 1674 540 pluma
1707 452 2145 540 Sardanapali.

1995 557 2042 619 J
2052 576 2169 620 ov.
2200 555 2300 619 X.
2332 555 2486 622 357.

557 695 752 766 Hinc
796 696 991 767 enim
1036 696 1365 784 efficitur,
1399 698 1594 790 quod
1641 698 1853 769 modo
1890 698 2289 792 attigimus,
2324 708 2409 769 ut
2443 721 2572 768 ex-

454 814 830 884 cellentem
882 813 1193 905 aliquam
1229 813 1519 885 virtutis
1553 814 1857 884 formam
1893 814 2331 908 cogitatione
2366 813 2571 907 quasi

455 926 833 1019 complecti
865 926 1278 998 videamur:
1331 942 1407 999 et
1456 928 1876 1020 scriptorem
1923 930 2161 1022 ipsum
2210 931 2284 1000 in
2339 929 2571 1021 pretio

457 1042 869 1123 habeamuS,
903 1064 1120 1133 quem
1165 1042 1259 1113 ad
1294 1044 1422 1113 hos
1455 1044 1653 1117 nisus
1685 1044 2010 1115 insolitos
2042 1045 2412 1137 impellere
2446 1066 2575 1135 po-

457 1156 682 1228 tuerit
733 1156 1040 1248 simplex
1086 1156 1372 1228 virtutis
1424 1181 1647 1229 amor.
1748 1159 1915 1240 Quo
1964 1160 2256 1251 quidem
2309 1160 2571 1230 affectu

455 1294 623 1341 eum
658 1271 867 1341 facile
898 1272 1294 1363 pertentari
1339 1273 1790 1357 crediderim,
1826 1274 2237 1370 quicunque
2286 1274 2363 1346 in
2416 1277 2573 1345 haec

457 1385 747 1457 Horatii
783 1385 1101 1456 carmina
1133 1386 1510 1470 inciderit;

717 1523 778 1586 Ο
808 1520 1098 1609 quisquis
1125 1520 1293 1586 volet
1319 1521 1547 1610 impias

803 1623 1052 1703 Caedes,
1082 1637 1147 1688 et
1175 1623 1411 1688 rabiem
1445 1623 1661 1690 tollere
1690 1625 1990 1699 civicam;

720 1724 787 1789 Si
816 1738 1059 1811 quaeret
1088 1738 1268 1813 pater
1298 1725 1556 1791 urbium
2135 1817 2140 1823 .

804 1826 1127 1892 Subscribi
1157 1827 1402 1906 statuiS,
1434 1828 1803 1893 indomitam
1834 1829 2069 1894 audeat

717 1929 1066 1994 Refrenare
1095 1929 1433 2007 licentiam,

805 2031 1034 2097 Clarus
1062 2031 1467 2118 postgenitis:
1517 2047 1833 2117 quatenus
1865 2030 2021 2114 (heu
2053 2032 2227 2095 nefas
2252 2036 2302 2116 Ξ)

723 2134 1036 2199 Virtutem
1065 2133 1441 2197 incolumem
1471 2131 1744 2211 odimus,

805 2235 1136 2301 Sublatam
1167 2258 1247 2299 ex
1276 2233 1473 2299 oculis
1502 2233 1847 2320 quaerimus
1871 2232 2093 2297 invidi.

719 2336 896 2416 Quid
926 2337 1134 2402 tristes
1162 2335 1594 2423 querimoniae,

807 2440 874 2504 Si
905 2462 1034 2504 non
1063 2438 1371 2527 supplicio
1398 2436 1586 2525 culpa
1614 2436 1917 2502 reciditur
1937 2440 1966 2499 ?

715 2541 887 2621 Quid
917 2541 1087 2628 leges
1115 2541 1248 2605 sine
1276 2540 1560 2606 moribus

803 2646 997 2709 Vanoe
1025 2643 1380 2732 proficiunt.
1535 2642 1721 2706 Hoa.
1755 2642 1881 2706 On.
1913 2639 2025 2705 lib.
2058 2642 2197 2706 111.
2233 2645 2342 2720 24,
2375 2645 2478 2708 25.

555 2771 664 2845 At
689 2772 1109 2868 gravissima
1132 2773 1208 2844 in
1244 2775 1378 2844 hoc
1412 2795 1678 2868 genere
1715 2770 1973 2843 merito
2007 2794 2290 2864 semper
2321 2772 2571 2845 habita

457 2902 568 2960 est
604 2888 902 2959 Pindari
951 2889 1362 2971 auctoritas,
1404 2889 1530 2980 qui
1563 2888 1756 2958 Deos
1801 2897 1878 2957 et
1916 2886 2195 2957 Heroas
2246 2895 2323 2958 et
2368 2888 2573 2960 fabu-

457 3004 610 3074 losa
666 3002 1074 3074 vetustioris
1134 3004 1274 3073 aevi
1333 3011 1761 3098 argumenta
1821 3023 2277 3093 persequenS,
2336 3002 2573 3073 medio

458 3138 975 3209 nonnunquam
1042 3115 1120 3184 in
1181 3139 1393 3187 cursu
1453 3139 1529 3186 se
1588 3123 1901 3196 revocat,
1956 3127 2042 3185 ut
2096 3113 2574 3187 sanctissimas

456 3241 742 3323 promat
793 3231 1210 3316 sententiaS,
1263 3241 1338 3302 et
1389 3230 1483 3301 ad
1537 3229 1939 3322 principum
2006 3252 2213 3300 aures
2282 3230 2576 3304 consilia

456 3349 667 3439 plane
709 3346 954 3418 divina
1001 3346 1300 3418 deferat.
1404 3345 1631 3439 Cujus
1666 3344 1958 3438 quidem
1994 3343 2099 3415 rei
2135 3344 2417 3441 singula
2448 3346 2576 3419 vix

458 3462 777 3533 carmina
826 3463 1159 3554 exemplo
1211 3472 1482 3533 carent.
1585 3459 1816 3533 Nobis
1839 3462 1994 3555 jam
2031 3485 2260 3533 unum
2296 3462 2574 3536 adferre

459 3588 569 3649 sat
603 3577 762 3665 erit,
796 3578 914 3648 cui
947 3588 1213 3670 praeter
1246 3577 1418 3649 vitae
1456 3586 1821 3669 praecepta
1859 3587 2245 3672 conceptus
2291 3601 2575 3673 quoque

457 3692 562 3762 iui
611 3694 947 3765 sublimoe
995 3717 1139 3765 non
1193 3693 1477 3777 desunt,
1511 3694 1603 3765 de
1637 3716 1809 3765 vera
1853 3693 2084 3788 gloria
2115 3693 2576 3785 adipiscenda

455 3820 532 3880 et
563 3818 839 3881 aeterna
887 3812 1229 3902 praeclare
1278 3819 1605 3881 actarum
1657 3832 1901 3880 rerum
1961 3808 2327 3881 memoria.
2434 3806 2574 3877 His

455 3923 680 4019 igitur
728 3925 1021 3998 vocibus
1085 3923 1531 3998 Siciliensem
1582 3923 1861 4021 Regem
1920 3947 2064 3998 non
2124 3930 2417 3996 veretur
2474 3920 2576 3990 al..

458 4044 674 4136 loqui.

1440 4162 1580 4226 ³13
