3559 5575
486 91 552 157 316
700 153 704 161 ,
822 87 943 152 PARS
967 84 1188 150 SECUNDA
1307 85 1422 148 Puer..
1440 85 1549 150 XXV.

486 264 617 337 oblitus
646 259 778 334 docere
806 259 926 354 potius
951 259 1116 329 videatur
1140 279 1251 350 quam
1278 251 1485 340 delectare,
1511 270 1550 330 et
1640 180 1650 261 ί

484 381 734 474 philosophum
751 400 858 473 agere
875 398 985 468 quam
1002 383 1158 466 poetam.
1211 373 1294 443 Hoc
1310 383 1439 444 autem
1456 397 1549 466 prm-
1652 450 1658 479 Ι

484 495 607 568 sertim
624 493 784 565 cemitur
799 491 863 563 ubi
879 489 1017 562 dictum
1035 488 1180 581 aliquod
1196 511 1306 582 grave
1321 500 1386 560 aut
1398 489 1546 580 sapiens
1639 502 1649 543 ι’

483 609 720 705 promendum
746 623 844 691 erat3
870 607 968 702 quod
992 607 1203 698 plerumque
1227 605 1281 676 ita
1305 605 1464 676 orationi
1489 605 1545 675 in-

483 727 588 809 texit,
614 734 657 798 ut
677 724 777 795 nasci
798 724 838 793 id
862 746 927 793 sua
950 730 1077 812 sponte
1102 719 1250 802 diceres,
1272 742 1389 812 neque
1417 720 1543 790 abesse

483 841 559 913 sine
576 840 762 932 dispendio
779 838 890 910 totius
908 835 1078 927 orationis
1094 858 1208 928 posse.

533 956 641 1039 Quod
658 978 741 1026 vero
764 953 811 1025 ad
834 952 992 1048 singulas
1009 949 1162 1021 virtutes
1179 960 1218 1021 et
1234 948 1438 1021 communis
1454 949 1542 1021 vitae

483 1071 599 1144 officia
616 1071 759 1157 attinet,
775 1092 880 1141 nemo
897 1079 952 1140 est
969 1067 1031 1160 qui
1047 1089 1119 1137 non
1134 1065 1234 1138 videt
1246 1067 1325 1136 baee
1337 1064 1540 1136 viventium

483 1188 643 1260 moribus
659 1187 795 1280 optime
805 1182 996 1256 illustrari:
1015 1183 1107 1254 adeo
1123 1193 1166 1253 ut
1177 1182 1224 1252 de
1239 1181 1446 1264 clementia,
1457 1182 1539 1267 fide,

481 1303 706 1394 fortitudine,
718 1302 783 1374 filii
800 1312 863 1372 out
876 1299 1033 1394 parentis
1049 1299 1186 1391 pietate
1201 1307 1239 1368 et
1252 1296 1428 1368 similibus
1444 1321 1540 1370 neor·

482 1418 548 1489 sim
562 1419 757 1511 disputare,
770 1441 851 1510 quae
863 1414 1022 1508 personis
1034 1423 1098 1484 aut
1109 1413 1339 1507 loquentibus
1352 1422 1418 1484 aut
1431 1436 1541 1509 agen·

482 1531 576 1604 tibus
593 1531 755 1625 permitti
772 1532 938 1612 debeant,
951 1551 1102 1600 summae
1118 1537 1212 1599 esset
1227 1526 1431 1619 imperitiae.
1484 1527 1540 1600 At

480 1647 635 1739 plurima
660 1645 801 1716 Lucani
828 1645 899 1716 isto
926 1668 998 1715 non
1028 1665 1149 1714 carere
1174 1643 1263 1713 vitio
1288 1642 1334 1713 ab
1360 1643 1539 1734 exemplis

480 1763 633 1832 antebac
658 1761 847 1854 propositis
873 1758 960 1831 satis
985 1768 1146 1830 constat:
1173 1780 1290 1849 neque
1308 1756 1345 1826 in
1362 1757 1421 1828 bis
1438 1758 1539 1830 vitiis

480 1876 647 1947 notandis
664 1877 800 1948 diutius
817 1875 1002 1946 immorari
1014 1874 1134 1961 velim,
1148 1873 1318 1966 quoniam
1330 1896 1408 1943 rem
1425 1877 1539 1946 semel

482 2001 717 2066 monstratam
735 1991 852 2085 pravis
868 1990 1087 2062 carminibus
1107 1988 1221 2060 fusius
1242 1988 1435 2080 explicare,
1449 2013 1538 2062 cum

480 2109 618 2182 nemini
640 2108 763 2200 pinsit,
781 2124 860 2180 urm
882 2107 993 2178 etiam
1010 2105 1132 2178 vacuis
1149 2105 1214 2176 vix
1238 2105 1383 2177 auribus
1402 2106 1539 2201 jucrm·

480 2223 567 2294 dum
583 2233 688 2296 esset.

483 2487 487 2496 ·
528 2453 675 2524 Interea
690 2475 763 2525 non
786 2451 875 2525 levis
896 2465 954 2527 est
969 2452 1145 2525 momenti
1164 2477 1233 2541 res,
1250 2455 1315 2524 has
1336 2453 1383 2525 de
1404 2453 1537 2546 quibus

476 2568 657 2662 loquimur
672 2570 870 2658 sententies
886 2570 940 2642 ita
955 2569 1144 2663 disponere
1161 2580 1325 2664 utquam
1337 2570 1537 2663 plurimum

477 2685 631 2756 valeant
674 2683 840 2756 Primum
857 2685 971 2782 igitur
987 2697 1101 2758 estut
1117 2686 1275 2758 moribus
1291 2686 1444 2758 dicentis
1460 2709 1536 2759 non

477 2800 584 2872 modo
609 2801 836 2885 oonveniant‚
854 2802 919 2873 sed
934 2802 988 2875 ita
1004 2802 1221 2874 convenient
1237 2813 1279 2875 ut
1294 2826 1427 2873 novom
1447 2802 1537 2875 iude

476 2916 551 2987 vim
567 2926 787 3010 component
822 2918 920 2989 Nam
937 2918 1045 2990 sicuti
1060 2918 1100 2989 in
1118 2918 1194 2990 vita
1211 2919 1324 3013 magis
1340 2930 1439 2990 certe
1455 2922 1536 3014 ejus

477 3042 598 3105 movet
614 3033 741 3121 oratio,
757 3056 866 3126 quem
882 3033 945 3105 diu
963 3057 1006 3105 ac
1023 3036 1133 3126 probe
1150 3034 1302 3118 noveris,
1318 3034 1373 3106 ito
1394 3035 1433 3105 in
1450 3059 1537 3128 poe-

476 3159 573 3220 mate
589 3152 742 3247 legendo
759 3174 928 3244 personas
943 3150 1143 3244 quamlibet
1160 3150 1262 3221 fictas
1278 3159 1317 3221 et
1333 3149 1456 3220 favore
1479 3173 1536 3221 eo·

474 3264 590 3334 lemus
607 3267 783 3360 prosequi,
801 3277 839 3339 et
853 3267 947 3353 odio,
960 3277 998 3338 et
1010 3266 1248 3338 admiratione
1264 3275 1303 3337 et
1314 3264 1475 3346 invidia
1490 3276 1534 3337 ιιι

475 3378 573 3451 dieto
597 3381 708 3453 etiam
733 3405 798 3475 pro
823 3381 943 3455 studio
963 3406 1007 3454 nc
1022 3384 1209 3454 voluntate
1229 3392 1353 3453 nostro
1374 3380 1535 3473 excipia-

475 3518 566 3567 mus.
602 3497 783 3592 Quicquid
799 3508 921 3570 uutem
938 3499 1046 3570 inude
1063 3498 1214 3593 dignum
1232 3498 1343 3569 fuerit
1357 3521 1402 3568 eo
1416 3498 1535 3570 admi·

474 3613 621 3685 rabilius
638 3615 830 3701 videbitur,
843 3616 873 3687 si
888 3638 938 3687 ex
953 3639 1016 3687 ore
1027 3615 1181 3710 alicujus
1192 3614 1410 3709 provenerit,
1421 3636 1534 3708 quem

474 3730 572 3822 prius
596 3753 701 3802 nosse
723 3744 760 3804 et
774 3732 935 3827 aliquem
957 3732 1004 3803 nb
1025 3754 1171 3803 cnumm
1187 3754 1308 3804 amare
1323 3741 1391 3803 ιιιιι
1407 3729 1535 3802 mirari

474 3845 676 3942 eontigerit.

560 3965 691 4033 Gratim
704 3978 736 4031 et
751 3967 885 4054 pulchro
898 3969 1028 4035 veniens
1039 3992 1061 4033 ιι
1072 3990 1203 4055 corpore
1218 3968 1327 4033 virtus
