3559 5575
515 107 581 171 142
884 102 1006 168 PARS
1029 102 1190 168 PRIMA
1398 104 1518 170 Pur.
1535 105 1590 171 X.

514 279 605 350 nihil
621 299 705 350 eum
722 275 871 367 probare
894 274 1086 366 oportebit,
1101 274 1172 345 nisi
1193 274 1293 367 quod
1312 274 1388 346 suis
1409 277 1589 350 sensibrrs

514 392 715 474 convenire,
732 400 770 461 et
791 413 815 459 a
836 411 875 460 se
900 389 939 458 in
966 390 1111 459 fortuna
1140 388 1248 460 simili
1270 389 1408 481 percipi
1428 402 1500 464 aut
1515 393 1587 487 agi

513 531 615 598 posse
640 505 835 577 existimet.
885 505 993 585 Quod
1018 504 1048 574 si
1071 504 1248 576 auxilium
1271 506 1359 576 artis
1379 516 1418 577 et
1434 507 1586 578 studio-

513 645 593 692 rum
618 630 768 714 quaerat,
786 628 919 711 praeter
938 618 1155 710 optimorum
1173 628 1361 710 poetarum
1377 620 1582 692 lectionem

513 736 604 807 nihil
628 737 727 829 prius
750 746 813 806 aut
835 733 1005 804 fidentius
1028 733 1212 804 nominare
1235 734 1362 816 ausim,
1378 758 1493 826 quam
1510 760 1581 806 au·

512 853 739 922 reum'illum
761 873 809 920 ex
827 847 1030 919 Rhetoricis
1052 848 1196 930 librum,
1214 848 1251 917 in
1272 872 1345 940 quo
1360 851 1471 943 hujus
1489 852 1580 922 doc-

513 967 620 1038 trinae
642 966 757 1036 omnis
775 964 893 1034 fontes
909 974 947 1032 et
963 963 1094 1054 capita,
1110 963 1266 1034 breviter
1281 971 1324 1032 ut
1340 965 1442 1046 solet,
1458 989 1579 1059 expo-

513 1083 586 1154 suit
602 1081 890 1176 philosophorum
913 1076 1098 1170 princeps3
1124 1088 1228 1148 tanta
1247 1089 1473 1150 tamencum
1489 1105 1579 1176 gra.

512 1197 626 1270 vitate
652 1221 695 1268 ac
723 1217 844 1267 rerum
869 1193 983 1284 copia,
1009 1203 1052 1264 ut
1081 1217 1331 1286 quamcunque
1360 1195 1399 1264 in
1426 1207 1575 1286 partem

512 1313 600 1384 mihi
630 1312 787 1383 incidere
816 1307 1020 1402 contigerit,
1044 1307 1187 1379 uberior
1215 1331 1259 1378 ea
1287 1331 1429 1401 semper
1456 1335 1573 1404 quam

511 1439 596 1498 ante
618 1426 696 1495 visa
720 1423 939 1517 est—magis
964 1422 1051 1493 locis
1075 1422 1424 1517 abundare—magis
1450 1449 1476 1495 a
1499 1450 1574 1496 cae·

511 1541 597 1614 teris
622 1539 782 1632 ejusdem
806 1536 948 1632 generis
973 1537 1134 1632 dignosci
1160 1537 1428 1632 posse—magis
1454 1540 1571 1635 signis

510 1653 733 1723 innotescere
751 1650 901 1743 propriis
918 1675 960 1722 ac
976 1654 1082 1744 plane
1099 1651 1185 1721 suis.

560 1766 711 1860 Aliquid
735 1767 774 1836 in
800 1767 856 1836 his
882 1789 980 1837 curae
1005 1766 1154 1857 posthac
1176 1764 1456 1857 impendendum
1484 1768 1569 1852 erit,

510 1882 654 1975 quando
683 1881 729 1952 ad
754 1881 904 1952 affectus
931 1881 1009 1953 illos
1036 1890 1249 1972 perventum
1273 1879 1396 1962 fuerit,
1423 1879 1488 1971 qui
1515 1880 1567 1950 ad

510 2019 640 2068 munus
666 1996 860 2068 oratorium
886 1995 1068 2087 praecipue
1091 1995 1423 2087 pertinent-quod
1448 2017 1567 2088 genus

510 2115 633 2195 alteru,
651 2111 708 2182 uti
729 2133 842 2202 spero,
860 2110 1090 2202 praelectione
1114 2109 1302 2203 complecti
1329 2109 1367 2179 in
1393 2115 1565 2201 promptu

509 2229 590 2309 erit,
607 2238 715 2321 atque
733 2225 817 2297 huic
834 2226 995 2297 instituti
1009 2225 1127 2317 operis
1142 2225 1249 2316 parti,
1267 2247 1350 2318 quae
1371 2227 1468 2295 ultra
1488 2247 1566 2294 mo-

509 2340 595 2410 dum
605 2343 682 2434 jam
693 2341 812 2412 forsan
823 2340 1035 2422 excreverit,
1045 2340 1154 2410 finem
1166 2340 1359 2434 aliquando
1367 2339 1564 2431 imponere.

559 2569 677 2640 Grave
694 2578 815 2642 autem
832 2569 1009 2662 imprimis
1025 2579 1280 2664 argumentum
1297 2580 1336 2641 et
1348 2569 1445 2662 quod
1461 2591 1487 2639 a
1498 2591 1567 2660 po-

509 2685 577 2755 etis
602 2685 708 2755 hodie
728 2683 832 2776 quasi
853 2684 996 2777 proprio
1016 2685 1100 2778 jure
1120 2683 1294 2754 vindicari
1317 2683 1461 2767 dicitur,
1478 2683 1563 2754 Ari·

509 2799 652 2868 stoteles
677 2821 820 2890 prorsus
842 2801 1021 2870 intactum
1040 2798 1417 2891 praeteriit-violenti
1433 2822 1562 2891 nempe

507 2911 653 2982 Amoris
678 2936 811 2985 caecam
835 2913 935 2985 illam
960 2937 1003 2985 ac
1020 2937 1103 2985 vere
1119 2913 1294 2985 invictam
1310 2914 1397 2985 vim.
1446 2914 1561 2985 Levia

506 3025 652 3120 quidem
668 3026 769 3099 fuere
785 3027 855 3099 ista
878 3051 961 3120 quae
983 3050 1067 3097 cum
1090 3030 1159 3098 hoc
1184 3027 1297 3098 animi
1320 3030 1452 3099 affectu
1478 3052 1562 3099 oon·

501 3142 631 3234 juncta
653 3142 807 3213 antehac
830 3140 1130 3233 protulerim—et
1147 3165 1231 3236 quae
1254 3164 1331 3213 rem
1349 3142 1463 3235 magis
1481 3165 1561 3213 nas

506 3266 646 3327 centem
663 3256 876 3343 indicarent,
892 3280 1000 3350 quam
1018 3269 1186 3328 naturam
1203 3259 1291 3351 ejus,
1308 3268 1497 3350 postquam
1513 3258 1560 3329 ad

500 3370 641 3463 justam-
662 3373 791 3443 molem
815 3395 857 3443 ac
880 3372 1168 3466 magnitudinem
1192 3382 1361 3463 provecta
1376 3382 1480 3453 esset,
1497 3394 1560 3441 ex-

505 3497 691 3579 ponerent.
742 3488 805 3558 Ex
830 3488 1011 3560 veteribus
1037 3498 1157 3558 nutem
1187 3486 1303 3579 poetis
1327 3486 1559 3578 Apollonium

506 3612 654 3675 caeteros
676 3602 832 3675 anteisse
854 3612 1016 3684 constat3
1042 3602 1270 3695 primumque
1286 3602 1356 3672 boc
1371 3624 1559 3695 argumen-

505 3724 584 3785 tum
610 3715 702 3786 serio
723 3727 761 3787 et
775 3715 935 3811 graviter
952 3715 1183 3787 tractandum
1206 3714 1411 3806 suscepisse.
1462 3714 1558 3785 Nam

504 3851 587 3920 quae
603 3830 639 3899 in
658 3831 823 3924 Sapphirs
840 3830 1057 3903 carminibus
1070 3832 1252 3925 leguntur,
1264 3829 1332 3901 etsi
1345 3829 1401 3899 his
1416 3827 1558 3922 ignibus

505 3944 692 4017 ardentem
717 3944 878 4017 animum
903 3969 946 4047 ac
967 3969 1071 4036 paene
1092 3947 1324 4037 absumptum
1345 3944 1558 4037 significant,
