3559 5575
469 122 536 189 252
824 112 947 178 PARS
971 108 1193 176 SECUNDA
1291 111 1407 177 Pur„
1420 113 1539 179 XIX.

472 292 639 365 Profecto
664 310 706 361 ac
731 286 871 358 macula
895 286 1095 357 immunem
1116 283 1182 355 vix
1205 284 1318 355 ullum
1340 284 1541 379 Euripidis

469 407 693 479 inveniemus
710 404 881 486 fabulum,
893 411 940 472 ut
950 423 1079 495 graves
1095 400 1141 471 de
1157 399 1317 471 moribus
1328 411 1367 472 et
1376 402 1454 473 vita
1466 405 1540 475 ho-

470 523 608 595 minum
632 520 828 594 sententias
852 516 1028 610 colloquio
1047 516 1170 609 inepte
1192 516 1405 590 interserat:
1431 522 1538 613 quod

470 662 565 725 cum,
582 638 787 730 ubicunque
807 636 883 718 fiat,
900 643 955 704 est
971 631 1153 717 vitiosum,
1170 642 1251 703 tum
1276 634 1437 706 maxime
1461 636 1537 707 im·

469 755 694 850 probandum
712 762 767 823 est
784 750 814 821 si
831 749 976 843 quando
995 748 1147 819 affectus
1169 747 1224 819 ita
1244 748 1424 844 restingui
1444 774 1537 823 con.

470 871 602 967 tingat.
636 866 766 962 Neque
778 867 817 937 in
831 863 982 959 singulis
993 874 1138 936 tantum
1154 863 1193 935 id
1210 864 1398 937 sententiis
1414 868 1536 939 cerni·

471 985 693 1059 tur-*immo
703 984 846 1078 justum
862 980 1056 1073 aliquando
1068 974 1323 1075 argumentum
1335 981 1534 1074 aplicare,

471 1102 565 1175 etin
582 1098 784 1173 saevissimis
802 1095 983 1169 doloribus
998 1095 1241 1189 philosophari
1257 1098 1386 1190 planet.
1423 1098 1534 1171 Post·

471 1240 580 1313 quam
603 1214 700 1289 enim
720 1214 919 1307 Polyxenae
944 1222 1098 1284 mortem
1122 1234 1172 1283 ex
1195 1234 1257 1284 ore
1281 1212 1404 1285 nuntii
1427 1236 1532 1286 aone-

470 1335 581 1429 pisset
598 1332 761 1414 Hecuba,
778 1328 846 1401 etsi
863 1350 1004 1400 summo
1019 1327 1134 1400 animi
1153 1348 1288 1423 angore
1309 1352 1349 1400 se
1374 1329 1532 1401 cruciari

469 1450 690 1544 profiteatur,
707 1447 772 1517 has
791 1454 915 1517 tamen
937 1442 1095 1516 rationes
1119 1444 1166 1516 ab
1190 1444 1323 1517 affectu
1347 1444 1448 1516 omui
1472 1468 1531 1517 re-

445 1554 451 1559 ’
470 1571 586 1635 motas
602 1559 740 1633 curiose
756 1557 995 1653 prosequitur.

773 1760 884 1822 Οθιιιῦν
899 1755 991 1836 traua,
1006 1761 1029 1819 ei
1042 1761 1082 1842 γῆ
1095 1756 1147 1839 μὶν
1161 1759 1250 1835 καινὴ,

601 1864 741 1948 Τινχοῦσιι
756 1865 852 1944 καιροῦ
866 1858 961 1938 θεθθνν,
976 1858 1005 1923 εὖ
1021 1858 1137 1945 στάχυν
1151 1856 1237 1944 pipat,

603 1966 719 2050 Χρηστῆ
733 1965 767 2044 δ’,
782 1964 936 2048 nipapruiu’
950 1958 987 2025 ὧν
997 1960 1091 2048 χρεὼν
1105 1964 1191 2037 αὐτὴν
1205 1964 1316 2048 τυχεῖν,

603 2066 702 2129 Κακὸν
717 2064 810 2129 iiiam
827 2062 950 2149 καρσθνς
973 2062 1120 2150 ἀνθρώποις
1134 2062 1156 2124 δ’
1170 2062 1213 2125 ἀεὶ

598 2168 639 2231 Ὁ
652 2168 704 2247 μὶν
717 2166 839 2253 πονηρὸς,
854 2166 929 2229 οὐδὲν
943 2162 1018 2228 ἄλλο
1032 2162 1218 2242 σλῆνναιιθς·
1258 2228 1268 2246 ,

602 2271 641 2332 Ὁ
654 2270 676 2331 δ’
691 2269 798 2347 ἐσθλὸς,
813 2270 920 2343 sonte
935 2268 994 2330 otti
1008 2270 1153 2350 συμφορᾶς
1166 2263 1218 2330 ὄπι
1290 2292 1295 2299 ·

602 2368 693 2434 Φύσιν
708 2369 839 2455 διθφθιιρ’,
853 2373 935 2434 ἀλλὰ
946 2368 1073 2456 χρηστός
1088 2370 1147 2432 ἔστ’
1158 2368 1222 2442 airh

598 2469 663 2558 ‘Ap'
679 2477 703 2537 ui
716 2470 841 2546 τικθντις
855 2470 1036 2559 διαφέρουσιν,
1051 2470 1068 2549 ἢ
1082 2470 1183 2557 upupa]
1189 2494 1201 2545 ς

597 2572 689 2661 ''Fqgu
703 2599 739 2659 γε
753 2572 847 2657 μέντοι
860 2574 911 2637 καὶ
925 2576 958 2637 ri
973 2574 1114 2659 θρεφθῆναι
1130 2581 1226 2647 καλῶς

604 2673 720 2753 Δθδαξιν
735 2676 842 2739 ἐσθλοῦ·
857 2680 939 2738 τοῦτο
955 2676 977 2738 δ’
992 2675 1022 2753 ἦν
1035 2700 1078 2750 τις
1093 2674 1123 2739 ιθ
1135 2674 1223 2762 μάθῃ,

603 2776 685 2844 Οθδιν
700 2777 734 2843 σθ
746 2777 777 2863 γ’
793 2777 925 2864 αἰσχρὸν,
941 2775 1032 2844 navim
1045 2784 1095 2842 τοῦ
1109 2783 1200 2843 καλοῦ
1214 2775 1317 2860 μαθῶν.

1301 2879 1394 2944 Hsc.
1407 2879 1482 2949 592

474 3054 627 3126 Minime
651 3054 720 3125 hac
744 3054 848 3146 culpa
872 3051 1057 3124 liberanda
1080 3061 1137 3123 est
1160 3051 1317 3123 Jocastae
1344 3051 1459 3124 oratio
1486 3052 1525 3123 in

473 3171 681 3256 Phoenissis,
693 3193 764 3264 qua
781 3167 916 3241 scilicet
932 3178 975 3239 ut
989 3167 1143 3238 filiorum
1159 3191 1306 3240 suorum
1318 3167 1526 3240 inimicitias

474 3286 620 3358 dirimat
644 3271 743 3356 omni
768 3283 994 3370 auctoritate,
1016 3283 1174 3367 consilio,
1194 3293 1232 3355 et
1254 3284 1417 3377 precibus
1442 3307 1527 3356 con-

474 3400 601 3472 tendit.
652 3399 787 3471 Versus
812 3410 934 3472 autem
959 3400 1053 3492 ipsos
1082 3424 1126 3472 eo
1153 3399 1324 3471 libentius
1350 3411 1526 3494 praetereu

473 3513 560 3611 quia
581 3514 766 3586 disertiore
790 3515 907 3586 adhuc
924 3517 1090 3609 exemplo
1106 3539 1154 3586 ex
1171 3515 1336 3587 Romano
1354 3517 1526 3608 scriptore

474 3631 530 3704 uti
544 3630 640 3715 licet,
653 3653 760 3724 quem
778 3643 820 3702 ut
833 3630 984 3703 eandem
999 3655 1075 3703 rem
1087 3642 1359 3725 persequeretur
1372 3631 1527 3703 ducebat

473 3747 604 3819 fabula.
655 3745 784 3839 Neque
801 3770 887 3818 sane
903 3747 941 3818 id
958 3769 1164 3841 quenquam
1180 3746 1296 3843 fugiet
1309 3746 1374 3842 qui
1390 3756 1527 3818 utram·

473 3886 543 3957 que
560 3862 729 3945 fabulam
746 3861 911 3935 Graecam
928 3862 1008 3934 dico
1025 3872 1062 3936 et
1076 3862 1260 3946 Latinam,
1275 3862 1371 3935 inter
1387 3886 1426 3934 se
1443 3884 1528 3934 uun-

472 3978 575 4066 feret,
589 3977 762 4054 Senecam
775 3980 960 4073 exemplar
971 3978 1038 4052 sibi
1051 3979 1272 4074 propositum
1289 3980 1471 4072 praecipue
1487 3977 1527 4048 in

457 4782 1668 5110 ---θ
