3559 5575
354 184 587 250 Pam..
602 185 819 251 XVI.
1035 187 1169 253 DE
1217 187 1837 257 AFFECTIBUS.
2345 193 2477 261 217

351 366 599 430 turum
633 357 855 431 fuisse
886 359 1172 433 sentiat.
1247 360 1484 456 Atqui
1518 385 1612 435 ex
1647 365 1787 435 hac
1818 363 2147 452 materia,
2179 364 2476 439 cuilibet

347 474 460 546 uti
485 474 777 547 videtur
807 475 904 547 ad
936 499 1193 548 manus
1225 477 1868 572 posita,'qu'antum
1894 479 2204 551 efficitur
2226 483 2323 554 ad
2348 481 2476 553 de-

343 591 715 663 lectandos
781 591 1180 687 legentium
1239 617 1488 667 sensus
1549 604 1627 667 et
1681 594 1973 688 penitus
2032 597 2422 670 movendos
2452 599 2470 670 !

343 707 636 801 Quippe
669 707 825 800 ipsa
859 731 934 780 se
966 707 1261 781 omnino
1296 710 1603 782 sustinet
1627 711 2043 806 argumenti
2070 713 2176 783 vis
2210 723 2286 785 et
2311 713 2473 810 dig-

339 821 878 893 nitas—aliena
910 846 1045 916 ope
1077 848 1227 896 non
1258 824 1874 921 indiget—neque
1906 837 2061 899 tam
2094 826 2469 923 ingenium

345 938 719 1030 scriptoris
750 940 1093 1030 postulat,
1127 961 1345 1033 quam
1378 941 1840 1032 prudentiam
1873 953 1951 1013 et
1983 943 2226 1015 fidem.

453 1050 877 1135 Quinetiam
943 1063 1272 1125 extremo
1336 1055 1649 1126 fortunoe
1714 1056 2113 1128 discrimini
2181 1081 2470 1151 prorsus

349 1166 714 1250 convenit,
748 1177 836 1239 ut
868 1190 1034 1262 quae
1068 1170 1286 1264 vulgo
1330 1168 1509 1239 trita
1538 1171 1899 1242 habentur
1928 1180 2005 1242 et
2039 1170 2473 1258 communia,

347 1283 569 1354 modo
618 1285 713 1355 ad
763 1308 920 1356 rem
979 1298 1414 1377 praesentem
1466 1285 1761 1372 faciant,
1821 1285 2147 1358 homines
2203 1309 2476 1380 nequa-

348 1420 568 1491 quam
619 1410 1062 1473 aversentur.
1168 1400 1333 1472 Hoc
1366 1400 1621 1495 utique
1654 1400 1730 1472 in
1765 1400 2111 1494 temporis
2142 1401 2470 1487 articulo,

349 1526 434 1587 ut
464 1517 903 1612 gravissimis
937 1516 1203 1589 summi
1237 1517 1563 1590 historici
1596 1517 1830 1590 verbis
1864 1528 2055 1605 utar,
2076 1515 2367 1619 ,ἅνθρωποι
2402 1516 2470 1591 οὖ

346 1626 495 1728 πρὸς
535 1628 606 1702 τὸ
648 1632 834 1705 δοκεῖν
876 1627 995 1704 τινὶ
1040 1633 1470 1731 ἀρχαιολογεῖν
1513 1634 1934 1728 φυλαξάμενοι
1990 1688 2007 1705 .
2062 1688 2079 1705 .
2135 1687 2154 1704 .
2208 1688 2228 1705 .
2281 1634 2366 1707 τὰ
2400 1634 2468 1716 ἔς

346 1756 640 1842 ’γυναῖκας
671 1747 773 1820 καὶ
805 1748 1045 1829 παῖδας
1076 1744 1178 1819 καὶ
1213 1746 1378 1829 θεοῧς
1408 1745 1718 1849 πατρῴους
1746 1746 2168 1847 προφερόμενα
2217 1805 2236 1822 .
2294 1804 2313 1821 .
2368 1805 2387 1823 .
2445 1806 2462 1823 .

347 1859 450 1934 ἐπὶ
514 1870 599 1964 τῇ
655 1862 931 1963 παρούσῃ
990 1863 1278 1954 ἐκπλήξει
1338 1863 1631 1959 ὦφέλιμα
1687 1861 2022 1959 νομίζοντες
2079 1864 2464 1952 ἐπιβοῶνται.

361 1974 602 2049 Thac.
633 1972 812 2051 VII.
849 1978 970 2059 69.
2339 1989 2342 1991 ’

453 2092 672 2165 Unde
722 2095 944 2165 etiam
999 2092 1335 2165 Hectoris
1375 2093 1752 2165 Homerici
1791 2095 2010 2166 verba
2051 2096 2147 2166 ad
2194 2096 2470 2168 exerci-

350 2216 538 2292 tum,
574 2210 892 2281 obsoleta
925 2212 1050 2280 illa
1083 2209 1375 2303 quidem
1408 2219 1494 2281 ut
1524 2209 1856 2280 nonnulli
1885 2209 2185 2282 fortasse
2216 2213 2470 2286 volunt

349 2330 428 2393 et
461 2337 880 2421 pervagata,
915 2326 1096 2398 mihi
1130 2335 1325 2397 certe
1355 2324 1692 2396 videntur
1722 2325 2211 2400 incredibilem
2244 2351 2464 2423 quen-

345 2437 521 2509 dam
555 2441 882 2513 ardorem
916 2440 1302 2513 incendere
1333 2440 1674 2533 potuisse.

518 2598 714 2659 Ἀλλὰ
741 2595 996 2682 μάχεσθ’
1026 2596 1110 2660 ἐπὶ
1143 2596 1324 2674 νηυσὶν
1353 2594 1613 2671 ἀολλέες·
1645 2594 1702 2672 ὃς
1727 2595 1789 2660 δέ
1815 2621 1908 2661 κεν
1937 2595 2119 2679 ὖμίων

521 2698 827 2779 Βλῆμονος,
857 2700 916 2777 ἥὶ
945 2700 1156 2777 τυπεὶς,
1187 2698 1418 2763 θάνατον
1448 2699 1546 2762 καὶ
1575 2697 1785 2782 πότμον
1815 2697 2041 2786 irim,

515 2801 795 2864 Τεθνίιτω·
827 2799 890 2864 οὔ
916 2802 967 2864 οἱ
993 2802 1176 2876 &enak
1199 2800 1524 2887 ἀμυνομένῳ
1552 2804 1676 2887 περὶ
1703 2802 1919 2886 πάτρης

517 2903 818 2983 Τεθνᾶμεν·
849 2905 985 2966 ἀλλ’
1011 2901 1230 2988 ἄλοχός
1259 2928 1322 2966 τι
1351 2902 1451 2979 σοή
1483 2902 1581 2965 καὶ
1608 2904 1797 2977 παῖδες
1828 2903 2067 2979 ὀπίσσω,

523 3004 647 3066 Καὶ
678 3003 845 3083 οἶκος,
873 3003 970 3066 καὶ
1002 3009 1202 3090 κλῆρος
1230 3004 1532 3088 ἀκήρατος,
1562 3000 1615 3066 εἴ
1639 3029 1730 3066 κεν
1750 3003 1990 3087 Ἀχαιοὶ

523 3103 828 3190 Οἴχωνται
856 3107 960 3169 σὺν
987 3106 1141 3182 νηυσὶ
1173 3103 1340 3182 Φίλην
1371 3107 1424 3179 ὃς
1452 3103 1698 3189 πατρίδα
1723 3107 1920 3188 γαῖαν.
1992 3102 2091 3167 ΙΙ..
2115 3105 2194 3166 O.
2223 3105 2377 3173 494.

443 3251 496 3322 J
497 3274 616 3323 am
643 3275 838 3339 vero,
867 3261 950 3324 ut
973 3274 1072 3323 ex
1097 3260 1403 3344 utraque
1426 3258 1634 3341 parte
1668 3247 2038 3319 muniatur
2061 3248 2220 3320 haec
2243 3271 2462 3343 quam

345 3376 639 3439 tuemur
684 3367 1082 3461 disciplina,
1117 3388 1351 3458 pauca
1393 3364 1571 3436 libet
1604 3387 1699 3437 ex
1745 3363 2038 3436 Senecae
2074 3364 2462 3460 'I'mgoedia

347 3483 650 3567 adferre,
675 3485 798 3556 ubi
826 3507 978 3556 rem
1011 3481 1549 3576 lacrymabilem
1582 3479 1933 3574 imprimis
1959 3491 2033 3553 et
2057 3482 2456 3556 luctuosam

347 3599 722 3671 ambitiose
779 3601 995 3672 nimis
1054 3599 1537 3693 exsequendo,
1587 3597 1805 3669 bilem
1860 3595 2098 3690 potius
2148 3598 2454 3694 legentis

347 3714 574 3786 movit
607 3738 822 3809 quam
859 3717 1197 3788 dolorem.
1292 3715 1610 3788 Matrem
1642 3713 1838 3787 enim
1873 3714 2453 3798 Andromachen,

343 3832 551 3926 cujus
584 3855 679 3902 ex
705 3835 1043 3925 amplexu
1070 3832 1144 3902 vi
1167 3831 1448 3924 rapitur
1472 3831 1855 3922 Astyanax
1891 3830 1984 3901 ad
2016 3824 2452 3903 destinatam

339 3947 642 4030 caedem,
674 3947 904 4019 filium
936 3971 1147 4019 suum
1177 3948 1531 4022 infantem
1564 3957 1784 4042 atque
1819 3945 2111 4018 unicum
2145 3941 2251 4015 ita
2280 3941 2454 4016 fecit

341 4062 633 4156 alloqui.

3247 2540 3258 2555 ο
3245 1978 3256 2005 .-
3242 1686 3249 1698 ·
3241 1614 3254 1629 O
3241 1563 3250 1580 ⁸
3244 1370 3253 1384 ο
3243 1226 3256 1259 ο·
3245 1169 3258 1194 ρ·
3247 938 3252 944 ·
3248 839 3256 848 ι
3247 652 3256 668 ο
3246 617 3257 631 ο
3249 226 3255 233 ι
3248 196 3258 204 ι
3250 144 3263 158 ρ
3243 59 3253 67 θ

3348 2444 3352 2485 -w
3329 2159 3358 2414 .au-*ff
3335 2059 3358 2139 *a
3349 2011 3358 2042 A..
3333 184 3361 1940 ffl—*sswm-—m-n——mffi-
3357 103 3360 118 Ἣ
3351 0 3362 42 «Α
