3559 5575
474 167 539 234 140
723 165 845 230 PARS
869 164 1029 230 PRIMA
1050 165 1117 230 DE
1141 164 1266 228 ΙΜΙΤ.
1356 167 1534 234 Ριιι.Χ.

475 339 573 435 quod
589 349 632 411 ut
649 336 798 434 singulis
820 337 995 430 exemplis
1018 337 1225 410 confirmem
1247 361 1366 432 neque
1388 349 1533 433 tempus

470 457 549 552 jam
566 455 663 538 sinit,
680 477 797 548 neque
814 453 952 525 occasio
968 455 1137 546 postulat.
1189 454 1333 547 Quippe
1348 445 1435 527 hnic
1453 459 1533 528 looo

474 573 550 644 fere
566 594 640 664 prae
657 569 821 643 omnibus
838 569 1049 665 virgilianis
1066 593 1130 640 sua
1147 592 1289 662 semper
1310 571 1409 643 fama
1430 574 1533 646 stetit

475 697 564 760 -et
580 696 652 758 stet
666 686 804 758 utinam
821 687 976 782 integra,
988 708 1106 780 neque
1123 709 1300 757 annorum
1313 687 1457 781 injuria,
1469 713 1533 762 ne-

475 827 546 898 que
563 826 673 896 pravo
689 802 797 874 ullius
814 803 934 874 aetatis
946 801 1085 897 judicio
1097 801 1288 874 diminuta.
1340 804 1460 887 Quam
1476 817 1531 877 ta·

475 943 559 992 men
575 919 709 989 famam
728 918 806 990 aliis
826 917 941 1011 iisque
965 917 1158 1012 majoribus
1181 918 1319 990 meritis
1341 921 1532 1014 quaesitam

474 1044 575 1127 puto,
601 1057 710 1126 quam
735 1057 818 1128 quae
843 1035 918 1105 sola
946 1032 1150 1105 imitatione
1178 1034 1356 1105 contineri
1383 1036 1529 1128 possint.

359 1184 365 1195 ¹
475 1151 570 1222 Rem
597 1149 693 1222 enim
723 1151 761 1222 in
792 1174 830 1223 se
855 1150 1020 1222 acerbam
1046 1158 1084 1220 et
1108 1149 1345 1222 miserationis
1374 1154 1531 1244 plenam,

475 1265 574 1337 omni
607 1266 802 1337 affectuum
832 1265 870 1335 vi
903 1274 942 1336 et
969 1263 1229 1335 sententiarum
1261 1266 1530 1358 pulchritudine

475 1381 600 1452 auxit:
618 1403 727 1474 quam
739 1381 802 1475 qui
814 1381 915 1477 legit,
927 1403 1000 1451 non
1013 1390 1089 1452 tam
1105 1403 1190 1452 cnm
1206 1381 1397 1453 imitatoris
1414 1393 1528 1454 artem

474 1504 512 1568 et
529 1505 670 1566 naturae
687 1496 830 1592 egregie
847 1519 1052 1589 expressam
1072 1496 1268 1593 imaginem
1291 1497 1415 1569 mirari
1436 1499 1530 1570 arbi-

474 1620 561 1693 tror,
578 1631 687 1703 quam
706 1610 817 1705 (quod
833 1611 993 1683 maxime
1008 1612 1047 1682 in
1064 1625 1182 1705 poctae
1198 1614 1343 1685 laudem
1363 1615 1474 1709 cedit)
1490 1625 1528 1686 et

475 1725 532 1796 sui
548 1735 586 1797 et
602 1725 783 1820 scriptoris
800 1727 963 1811 oblitum,
980 1727 1224 1802 misericordia
1238 1732 1334 1803 ultro
1350 1740 1427 1803 tam
1445 1730 1528 1802 duri

474 1864 588 1928 casus,
605 1853 642 1916 et
659 1867 744 1918 vero
760 1844 880 1918 dolore
897 1843 1126 1918 commoveri.
