3559 5575
959 69 1089 136 456
1682 67 1927 131 PARS
1973 66 2352 131 TERTIA
2501 65 2724 128 Pau.
2760 61 3060 129 XXXV.

964 253 1008 284 “
1045 241 1353 334 pessimo
1424 263 1736 333 namque
1804 240 2098 311 consilio
2164 245 2449 332 poetam
2522 261 2700 310 saxo
2783 237 3063 310 Graecos

963 365 1005 399 ‘⁶
1041 379 1513 450 comparasse,
1551 355 1678 448 qui
1729 367 1902 428 sunt
1947 355 2182 439 multi,
2219 353 2558 425 fluctibus
2590 376 2763 426 vero
2810 355 3066 426 Hecto-

966 485 1009 516 ‘⁶
1044 497 1199 544 rem
1233 473 1358 566 qui
1392 483 1506 543 est
1538 495 1727 543 unus
1748 474 1840 543 ⁸.”
1944 471 2257 542 Causam
2292 469 2744 564 aliquantum
2790 494 2837 541 a
2883 481 3065 542 statu

965 592 1346 682 detorquet
1380 587 1685 659 mordax
1732 588 1892 658 haec
1941 586 2157 658 nimis
2206 596 2284 658 et
2329 585 2688 657 malitiosa
2733 585 3069 679 interpre-

967 701 1169 774 tatio.
1271 701 1441 772 Non
1504 703 1724 785 enim,
1765 712 1853 772 ut
1898 701 2245 794 suspicari
2292 700 2454 793 quis
2503 711 2744 792 posset
2788 702 2926 772 hac
2969 700 3069 770 in-

965 816 1333 889 cusatione
1369 817 1642 901 audita,
1676 826 1986 909 utraque
2030 811 2260 886 simul
2295 815 2614 910 imagine
2661 815 2897 887 utitur
2929 816 3070 887 Ho-

967 957 1207 1005 merus
1229 929 1305 1013 b;
1374 933 1501 1004 sed
1566 943 1946 1026 postquam
2008 933 2369 1026 phalanga
2435 930 2854 1003 Graecorum
2921 931 3070 1024 rupi

968 1049 1292 1120 immotae
1359 1058 1862 1140 comparasset,
1932 1071 2104 1118 mox
2173 1049 2268 1119 ad
2335 1069 2600 1118 novam
2665 1072 2742 1120 se
2809 1047 3071 1120 confert

969 1164 1385 1259 imaginem,
1437 1165 1830 1236 Hectorem
1882 1163 2129 1236 dicens
2187 1164 2551 1256 perruptis
2608 1163 2928 1236 hostium
2974 1187 3072 1235 or-

972 1281 1259 1352 dinibus
1294 1280 1530 1351 subito
1564 1279 1878 1366 irruisse,
1913 1278 2140 1353 veluti
2176 1278 2482 1351 fluctum
2529 1277 2608 1350 in
2653 1301 2919 1350 navem
2960 1301 3074 1371 per

970 1398 1161 1467 latus
1214 1419 1565 1488 aquarum
1621 1397 1696 1466 vi
1756 1396 2087 1467 fractum.
2190 1394 2486 1467 Nostrae
2541 1395 2822 1468 interea
2881 1394 3077 1467 disci-

973 1512 1191 1603 plinae
1243 1512 1744 1582 auctoritatem
1800 1535 1942 1581 non
1996 1512 2228 1581 levem
2279 1511 2517 1582 adfert
2562 1511 2749 1582 tanti
2792 1511 2934 1581 viri
2967 1513 3079 1606 ju-

973 1626 1265 1710 dicium,
1309 1649 1531 1719 quum
1580 1626 1910 1719 ineptum
1959 1627 2204 1698 haberi
2253 1629 2412 1698 vult
2457 1626 2794 1721 imaginis
2853 1649 3077 1708 usum,

975 1743 1112 1813 nisi
1144 1766 1305 1836 quae
1338 1766 1503 1814 cum
1539 1743 1905 1836 praecipua
1938 1769 2017 1816 re
2050 1743 2290 1838 aliquo
2324 1745 2674 1840 analogiae
2713 1746 2886 1839 jure
2924 1767 3081 1816 con-

977 1857 1229 1929 sociari
1262 1857 1507 1951 possit.

1077 1974 1450 2055 Quantum
1492 1997 1661 2044 vero
1699 1975 1822 2045 lex
1874 1996 1963 2044 ea
2011 1973 2149 2044 rite
2198 1983 2486 2046 servata
2528 1975 2816 2066 polleat,
2863 1973 2926 2044 si
2974 1972 3085 2044 cui

979 2089 1212 2160 adhuc
1263 2088 1339 2160 in
1392 2088 1609 2160 dubio
1659 2089 1776 2172 sit,
1809 2088 2201 2184 Virgilium
2247 2090 2487 2176 adeat,
2531 2113 2576 2160 a
2621 2113 2766 2183 quo
2810 2111 3086 2161 summa

979 2215 1132 2276 arte
1173 2204 1709 2276 accommodata
1753 2214 1866 2276 est
1899 2206 2152 2277 eadem
2199 2206 2427 2277 ferme
2475 2205 2716 2301 imago
2735 2258 2743 2262 -
2759 2205 2858 2276 ad
2891 2205 3089 2277 Lati-

981 2341 1155 2388 num
1202 2340 1470 2413 regem,
1502 2317 1851 2410 propositi
1897 2329 2249 2402 tenacem,
2281 2331 2359 2391 et
2389 2327 2655 2391 contra
2696 2315 2914 2414 vulga·
2943 2315 3089 2391 cla-

978 2456 1219 2505 mores
1253 2433 1494 2504 animo
1526 2433 1959 2529 auribusque
1994 2434 2457 2508 obstinatum.

1157 2593 1276 2656 Ille
1306 2594 1482 2657 velut
1506 2594 1713 2680 pelagi
1743 2619 1935 2682 rupes
1955 2567 2225 2662 ‘immota
2252 2597 2518 2661 resistit:

1156 2697 1254 2759 Ut
1280 2693 1487 2780 pelagi
1518 2717 1730 2799 rupeS,
1762 2718 1996 2781 magno
2026 2698 2315 2763 veniente
2342 2699 2611 2785 fragore,

1156 2801 1317 2876 Quae
1346 2821 1498 2877 sese,
1530 2798 1746 2863 multis
1772 2799 2392 2867 circumlatrantibus
2421 2802 2629 2879 undis,

1160 2900 1339 2965 Mole
1368 2915 1573 2966 tenet:
1623 2901 1863 2988 scopuli
1895 2903 2316 2990 nequicquam
2347 2919 2410 2969 et
2441 2926 2702 2991 spumea
2729 2906 2965 2970 circum

1164 3007 1330 3068 Saxa
1357 3004 1661 3080 fremunt,
1690 3003 1996 3092 laterique
2023 3004 2183 3070 illisa
2211 3005 2573 3071 refunditur
2598 3006 2761 3094 alga..

2476 3107 2633 3173 AEN.
2667 3111 2828 3173 VII.
2861 3113 3008 3175 586.

1089 3246 1394 3316 Minime
1460 3247 1533 3316 in
1604 3245 2251 3339 comparationibus
2321 3247 2514 3319 hisce
2581 3260 2923 3341 expetere
2984 3262 3099 3321 est

989 3385 1278 3453 aequum
1300 3359 1731 3457 Analogiam
1752 3374 1972 3436 rectae
1998 3363 2262 3434 rationi
2286 3374 2866 3451 consentaneam,
2888 3366 3099 3436 modo

988 3498 1080 3545 ne
1114 3498 1198 3544 ea
1233 3477 1348 3557 sit,
1384 3500 1548 3567 quae
1583 3480 1852 3548 nullam
1891 3502 2042 3570 prae
2078 3503 2152 3550 se
2186 3480 2373 3550 ferat
2405 3479 2713 3571 speciem
2749 3480 3098 3562 veritatis,

873 3603 892 3611 f
991 3599 1065 3661 et
1117 3587 1190 3659 in
1250 3612 1478 3684 nugas
1533 3592 1826 3663 omnino
1880 3595 2114 3666 abeat.
2217 3595 2640 3691 Cujusmodi
2693 3611 2863 3668 sunt
2920 3598 3102 3669 bene

993 3710 1220 3779 multa
1284 3705 1769 3779 Asiaticorum
1838 3733 1883 3779 a
1945 3707 2241 3782 Jonesio
2307 3713 2619 3784 laudata.
2724 3713 3103 3784 Summam

1142 3966 1164 3990 ³
1193 3956 1336 4014 Scal.
1372 3956 1585 4015 Poetic.
1618 3977 1672 4035 p.
1706 3975 1844 4034 570.
2173 3957 2200 3995 b
2232 3956 2361 4016 Vid.
2393 3958 2464 4016 11.
2492 3966 2556 4015 Ο.
2586 3957 2930 4033 615—629.
