3559 5575
1099 61 1231 131 ³9⁸
1784 52 2026 118 PARS
2073 49 2452 115 TER'rlA
2650 51 2887 115 Pam..
2931 51 3184 116 xxxi

1102 232 1182 312 ὦς
1214 228 1421 317 εἰπεῖν,
1443 226 1485 316 ἢ
1509 226 1568 298 ἐν
1600 221 1689 306 οἷς
1722 234 1932 319 ζῶμεν,
1964 231 2313 321 φρονοῦντες
2345 221 2411 294 δὲ
2445 220 2580 294 οὐδὲ
2607 219 2746 319 περὶ
2781 231 2899 295 τῶν
2930 223 3186 320 ‘tapo'rm

1105 347 1335 425 ἱκανῶς.
1834 409 1852 421 2
3256 375 3257 426 1

1202 463 1634 552 Quanquam
1689 466 1936 527 autem
1990 455 2351 527 miraculis
2401 453 2600 525 hisce
2653 478 2876 547 supra
2928 455 3188 525 modum

1102 576 1466 649 abundare
1499 573 1827 665 ineptum
1863 595 2150 663 prorsus
2177 582 2394 664 atque
2429 570 2754 641 odiosum
2779 571 3188 665 judicemus,

1101 691 1190 761 iis
1224 700 1468 761 tamen
1504 687 1681 758 scite
1720 686 2140 778 modiceque
2166 685 2276 756 uti
2304 695 2538 777 poetae
2566 685 2765 755 laudi
2788 684 2966 755 erit:
3001 683 3192 753 immo

1105 806 1239 876 hoc
1290 812 1769 874 monstrorum
1822 823 2085 895 genere
2137 799 2298 891 capi
2342 798 2571 894 magis
2620 810 2696 870 et
2742 798 3081 868 delectari
3113 798 3193 866 vi-

1105 918 1319 989 detur
1352 940 1575 999 menS,
1608 939 1828 1011 quam
1867 916 2220 986 virtutum
2258 925 2385 985 aut
2421 915 2760 985 vitiorum
2797 913 3192 995 simulacris

1104 1034 1505 1126 fabulisque
1553 1032 1641 1103 iis
1685 1031 1942 1124 quibus
1991 1031 2290 1101 interior
2329 1031 2665 1124 quaedam
2702 1030 2948 1100 subest
2981 1030 3085 1099 vis
3128 1053 3194 1098 ac

1110 1148 1489 1222 sententia.
1547 1146 1853 1218 Homeri
1882 1146 2077 1217 enim
2114 1146 2274 1239 quis
2308 1169 2452 1217 non
2489 1146 2805 1238 speciosa
2834 1145 2963 1215 illa
2996 1145 3194 1239 magis

1110 1265 1418 1338 miratur
1449 1271 1877 1349 commenta,

1194 1377 1607 1465 Antiphaten,
1642 1373 2064 1460 Scyllamque,
2096 1388 2162 1438 et
2186 1396 2334 1438 cum
2365 1373 2648 1462 Cyclope
2677 1373 3092 1461 Charybdim,

1106 1511 1324 1580 quam
1356 1510 1521 1580 quae
1553 1485 1629 1555 in
1668 1485 1998 1578 proxima
2031 1485 2489 1577 praelectione
2515 1485 2904 1580 Allegoriae
2931 1487 3196 1558 nomine

1108 1612 1279 1673 sunt
1312 1600 1660 1672 laudata?
1715 1611 1846 1671 aut
1879 1624 2096 1694 quem
2144 1624 2286 1672 non
2337 1601 2832 1693 interpretatio
2876 1603 3017 1674 ista
3065 1626 3199 1693 my·

1108 1717 1399 1788 thorum
1435 1727 1761 1786 veterum
1809 1715 1904 1785 ad
1950 1715 2467 1808 philosophiam
2520 1717 3055 1788 accommodata
3086 1717 3200 1785 mi-

1111 1850 1247 1899 nus
1293 1841 1555 1914 movet,
1590 1853 1810 1923 quam
1857 1829 2167 1921 simplex
2219 1830 2641 1924 prodigiosae
2691 1829 2797 1900 rei
2847 1830 3197 1901 narratio?

1112 1943 1396 2036 Nempe
1447 1946 1557 2016 his
1609 1944 1940 2017 omnibus
1992 1945 2202 2016 unice
2248 1956 2358 2016 est
2391 1944 2835 2038 propositum
2881 1956 2965 2016 ut
2999 1948 3206 2037 phan-

1113 2060 1372 2132 tasiam
1439 2063 1870 2152 percellant;
1938 2061 2133 2153 quod
2191 2061 2483 2153 quidem
2545 2071 2703 2132 tum
2770 2061 3203 2152 potissimum

1114 2176 1260 2258 fiet,
1295 2176 1353 2247 si
1387 2177 1462 2246 in
1498 2173 1891 2270 affectibus
1923 2175 2087 2247 solis
2122 2177 2353 2268 posita
2386 2176 2481 2248 sit
2514 2201 2650 2259 τες,
2683 2200 2916 2270 neque
2957 2176 3048 2247 ad
3091 2199 3208 2245 ra-

1114 2288 1523 2362 tiocinandi
1556 2308 1793 2383 partes
1828 2290 2120 2362 omnino
2163 2294 2518 2363 trahatur.
2621 2292 2924 2363 Modum
2978 2307 3205 2364 tamen

1112 2406 1185 2475 in
1226 2407 1333 2477 his
1368 2418 1655 2500 poetam
1691 2418 1936 2479 tenere
1971 2409 2369 2500 oportebit;
2420 2432 2514 2480 ne
2546 2409 2641 2479 ad
2675 2431 2905 2502 nugas
2938 2432 3208 2501 prorsus

1112 2545 1196 2591 ac
1231 2522 1531 2613 puerilia
1565 2547 1640 2594 se
1670 2524 1995 2594 conferre
2021 2524 2395 2607 videatur;
2446 2535 2523 2596 et
2558 2523 2872 2595 crebrius
2905 2524 3210 2596 feriendo

1110 2635 1297 2708 ictus
1331 2636 1478 2706 vim
1513 2636 1920 2710 imminuat.

1196 2752 1607 2826 Verecundi
1639 2754 2030 2827 admodum
2057 2773 2226 2828 sunt
2252 2755 2326 2827 in
2353 2758 2489 2826 hac
2517 2767 2717 2848 parte
2743 2778 2837 2827 ex
2865 2755 3212 2826 veteribus

1113 2870 1680 2962 praestantiores:
1734 2894 1901 2964 quae
1936 2883 2179 2944 autem
2215 2872 2710 2965 hujuscemodi
2742 2871 3034 2941 AEneidi
3075 2896 3216 2942 suae

1112 2983 1429 3057 intexuit
1449 2984 1822 3080 Virgilius,
1850 3010 1937 3057 ea
1962 2999 2088 3057 aut
2119 2986 2439 3057 Homero
2466 2998 2757 3058 auctore
2790 2987 3219 3067 innituntur,

1114 3112 1244 3172 aut
1292 3101 1387 3171 ad
1437 3101 1844 3173 Inferorum
1896 3101 2219 3195 regiones
2272 3113 2441 3174 sunt
2487 3103 2801 3174 detrusa.
2905 3104 3114 3185 Quod
3163 3102 3222 3172 si

1114 3216 1484 3311 egregium
1546 3216 1834 3310 aliquod
1877 3225 1952 3286 et
2001 3215 2151 3286 fere
2201 3218 2601 3309 perfectum
2646 3220 2721 3288 in
2779 3221 2914 3289 hoc
2963 3241 3222 3313 genere

1115 3332 1526 3421 exemplum
1588 3331 1748 3424 quis
1806 3330 2148 3425 requirat,
2209 3332 2635 3425 Euripidem
2700 3335 2912 3406 adeat
2968 3334 3222 3413 velim;

1115 3444 1320 3536 cujus
1354 3442 1428 3513 in
1467 3442 1872 3537 Hippolyto
1907 3457 2268 3538 spectrum
2303 3447 2485 3519 illud
2529 3449 2896 3520 taurinum
2945 3449 3224 3544 ingenti

1115 3557 1341 3629 fluctu
1376 3558 1451 3628 in
1499 3558 1669 3630 litus
1716 3560 2123 3653 expositum
2175 3562 2416 3634 omnia
2461 3564 2688 3636 ferme
2730 3565 2806 3635 in
2860 3589 2934 3636 se
2986 3567 3226 3647 habet,

1115 3697 1282 3767 quae
1313 3674 1763 3767 phantasiam
1800 3676 2074 3770 erigere
2108 3687 2184 3747 et
2209 3701 2456 3749 sensus
2491 3680 2696 3772 quasi
2730 3682 3020 3752 horrore
3055 3706 3227 3775 quo-

1118 3791 1284 3861 dam
1320 3801 1727 3884 pertentare
1761 3802 2078 3884 possunt.
2158 3792 2479 3864 Grandia
2512 3818 2682 3865 sane
2717 3806 2887 3867 sunt
2921 3795 2996 3865 in
3032 3798 3226 3889 prin·

1118 3906 1303 3999 cipio
1337 3918 1413 3980 et
1447 3909 1847 4003 magnifica,
1882 3931 2047 4000 quae
2081 3909 2396 3980 sonitum
2441 3934 2533 3981 ex
2583 3923 2777 3982 terra
2827 3911 3226 4004 profectum
