3559 5575
376 145 609 209 Pam„
633 142 889 207 XXIX.
940 145 1184 208 PARS
1218 143 1598 209 TERTIA
1632 146 1760 209 DE
1797 147 2155 212 PHANT.
2363 150 2487 217 371

374 329 532 388 tum
582 318 824 403 fuerit,
857 318 1180 411 pluribus
1226 341 1397 390 sane
1443 342 1621 411 opus
1654 320 1819 405 erit,
1855 341 1948 390 ne
1982 320 2058 391 id
2091 322 2282 415 quod
2322 323 2495 392 velis

371 434 659 505 lectoris
712 434 993 505 animus
1052 446 1463 527 praetereat,
1517 446 1646 506 aut
1697 457 1952 529 capere
2003 438 2298 509 omnino
2348 462 2493 510 non

370 550 615 643 possit.
672 548 866 621 Tum
900 550 961 622 si
995 552 1347 646 ejusmodi
1384 552 1478 624 sit
1503 551 1697 645 quod
1730 552 2110 637 inveneris,
2135 564 2220 626 ut
2246 579 2494 627 sensus

370 667 717 761 quosdam
768 669 1086 739 occultos
1138 669 1426 755 referat,
1460 679 1538 740 et
1571 669 1676 740 rei
1712 669 2006 741 alterius
2043 669 2234 741 vices
2282 673 2495 743 susti-

369 793 566 866 neat,
601 806 819 876 quam
854 806 1009 854 rem
1044 784 1271 855 veluti
1317 808 1447 876 per
1481 786 1830 856 cancellos
1876 784 2228 878 inspicere
2275 789 2495 858 lecto-

375 921 531 968 rem
559 898 757 983 velis,
782 899 1102 992 profecto
1135 896 1215 968 in
1250 896 1579 994 singulis
1611 902 2126 972 elaborandum
2162 903 2323 989 erit,
2350 927 2493 997 quo

374 1038 491 1085 res
537 1025 877 1108 utrasque
922 1017 1027 1109 (et
1068 1015 1472 1108 proximam
1500 1023 1531 1060 ⁸
1564 1016 1725 1088 dico
1758 1017 1957 1088 illam
1993 1028 2069 1089 et
2102 1022 2486 1113 remotam)

376 1132 560 1202 bene
593 1130 784 1203 inter
819 1154 894 1202 se
929 1131 1310 1202 convenire
1347 1133 1807 1203 manifestum
1841 1133 2120 1204 reddas.
2207 1134 2495 1228 Quippe

376 1248 538 1319 haec
596 1250 745 1318 sola
796 1249 955 1318 laus
1006 1247 1281 1339 petitur
1324 1247 1400 1317 in
1445 1248 1842 1344 Allegoria‚
1888 1260 1972 1320 ut
2024 1250 2223 1320 aliud
2261 1251 2494 1322 verbis

375 1364 572 1435 aliud
608 1387 818 1435 sensu
856 1363 1213 1447 ostendaS,
1239 1363 1660 1435 continuata
1694 1363 2038 1446 nimirum
2067 1365 2496 1458 Metaphora

376 1503 569 1564 usuS,
594 1482 799 1575 cujus
827 1480 934 1549 vis
959 1481 1160 1550 nulla
1194 1481 1405 1571 plane
1440 1479 1603 1562 erit,
1629 1479 1768 1550 nisi
1793 1483 1993 1575 justa
2023 1490 2241 1574 atque
2266 1481 2496 1575 inopi-

375 1608 547 1668 nata
574 1595 1042 1668 similitudine
1068 1596 1378 1666 delectet
1403 1594 1750 1666 animum.
1801 1597 1964 1678 Quo
1991 1606 2236 1669 autem
2249 1594 2494 1693 plura

377 1713 640 1784 habeat
672 1713 809 1784 hac
842 1714 1000 1807 lege
1033 1715 1444 1806 conjuncta,
1476 1734 1563 1783 eo
1608 1710 2096 1786 admirabilior
2130 1713 2495 1785 videbitur
2623 1802 2633 1805 ³

377 1838 453 1900 et
486 1829 867 1922 perfectior
899 1826 1290 1923 Allegoria.
1396 1827 1850 1898 Permultum
1898 1828 2124 1923 igitur
2172 1829 2495 1917 interest,

376 1955 625 2016 utrum
666 1945 1057 2016 Daemonas
1105 1951 1393 2014 tantum
1436 1952 1511 2013 et
1556 1941 1860 2034 Spectra
1905 1944 2335 2016 adumbrare
2379 1969 2496 2016 co-

377 2083 657 2144 nemur,
691 2083 783 2133 an
820 2082 973 2132 rem
1005 2070 1255 2130 notam
1289 2081 1375 2129 ac
1410 2080 1866 2130 communem
1901 2083 2088 2131 nova
2136 2082 2497 2132 commen-

375 2179 631 2250 demus
663 2176 982 2271 imagine
1013 2175 1091 2245 in
1126 2175 1204 2245 id
1236 2174 1472 2267 ipsum
1506 2174 1834 2245 conficta.

478 2292 803 2364 Multum
829 2290 1198 2362 enimvero
1223 2289 1456 2360 laudis
1488 2288 1795 2384 Virgilio
1821 2289 2286 2362 tribuendum
2315 2292 2493 2377 dixi,

374 2409 571 2501 quod
629 2429 968 2499 personas
1017 2417 1229 2477 extra
1278 2416 1613 2476 naturam
1668 2404 1935 2497 positas
1981 2391 2294 2477 breviter
2339 2428 2496 2500 per-

374 2523 981 2619 stringat—quod
1033 2522 1106 2592 in
1171 2512 1280 2592 his
1334 2520 1613 2614 copiam
1672 2542 1959 2593 omnem
2016 2523 2360 2594 sermonis
2418 2535 2493 2597 et

373 2641 726 2713 curiosam
763 2639 1239 2710 subtilitatem
1265 2637 1678 2732 fugiat—et
1703 2661 1833 2708 nos
1860 2639 2088 2734 magis
2115 2641 2493 2732 complecti

374 2780 527 2829 rem
562 2757 804 2829 animo
838 2779 1056 2850 quam
1093 2757 1330 2850 ipsum
1367 2754 1601 2827 verbis
1635 2754 1890 2825 efferre
1925 2755 2122 2828 velit.
2172 2756 2280 2829 At
2305 2759 2494 2852 ejus-

376 2874 542 2945 dem
577 2874 857 2943 FAMAE
894 2873 1162 2967 effigies
1194 2894 1422 2965 usque
1456 2872 1550 2942 ad
1584 2870 1894 2942 sedecim
1924 2894 2256 2943 versuum
2297 2896 2493 2944 men-

376 3010 618 3061 mram
653 2988 1096 3073 extenditur,
1131 3010 1436 3081 quorum
1470 2987 1700 3058 ferme
1738 2988 1921 3059 nulli
1968 3011 2097 3060 sua
2130 2989 2239 3059 vis
2290 2990 2491 3061 deest

376 3105 471 3176 ad
522 3127 747 3175 caecos
798 3103 1171 3174 hominum
1222 3126 1544 3175 rumores
1594 3104 2095 3199 designandos,
2128 3107 2338 3198 quale
2385 3106 2493 3176 ni-

376 3220 642 3292 mirum
676 3230 752 3292 et
786 3231 1140 3313 quantum
1174 3219 1460 3312 pariant
1494 3222 1760 3292 malum
1790 3222 1803 3290 !

551 3359 771 3437 Fama,
803 3356 1038 3422 malum
1072 3380 1203 3443 quo
1235 3380 1360 3420 non
1390 3355 1565 3421 aliud
1595 3356 1871 3423 velocius
1901 3358 2140 3422 ullum:

550 3462 912 3526 Mobilitnte
942 3462 1135 3548 viget,
1165 3461 1456 3548 viresque
1484 3449 1756 3548 acquirit
1783 3461 2029 3526 eundo:

552 3567 759 3631 Parva
785 3578 961 3629 metu
992 3564 1235 3652 primoz
1286 3586 1435 3629 mox
1468 3586 1601 3629 sese
1626 3563 1858 3629 attollit
1887 3564 1951 3629 in
1983 3588 2190 3645 amas,

551 3667 1045 3755 Ingrediturque
1073 3667 1229 3746 sole,
1258 3683 1323 3733 et
1350 3682 1546 3754 caput
1574 3666 1737 3731 inter
1764 3667 1984 3733 nubila
2011 3668 2242 3734 condit.

456 3878 478 3906 ³
523 3868 631 3927 His
660 3867 891 3927 vocibus
919 3866 1002 3924 ita
1031 3879 1270 3925 utuntur
1298 3863 1515 3931 Critici,
1545 3877 1609 3922 ut
1630 3885 1720 3923 res
1743 3870 2000 3941 proxima
2029 3865 2335 3945 imaginem
2371 3884 2489 3922 me-

374 3966 667 4045 taphorice
704 3976 994 4044 sumptam
1035 3964 1327 4044 designet:
1378 3982 1465 4020 res
1503 3972 1696 4020 autern
1742 3972 1953 4021 remota
1997 3962 2266 4042 quicquid
2313 3973 2490 4019 meta·

380 4064 557 4140 phora
584 4063 901 4124 involutum
934 4062 1301 4140 significatur.

1326 4158 1538 4229 nb2
