3559 5575
510 524 555 596 26
765 525 1052 594 enmono
1074 523 1308 592 SECUNDA,

510 703 602 776 nihil
622 701 759 774 fmdum
784 701 935 772 nutrite
960 710 1025 773 out
1047 699 1216 792 putidum
1239 698 1354 772 menti
1377 713 1575 786 occurrm

510 818 711 914 presertim
737 839 821 888 vem
846 839 894 888 ne
917 817 977 888 cui
998 815 1140 888 libidini
1163 827 1229 888 aut
1250 815 1340 889 vitio
1355 818 1575 914 morigerari

511 935 718 1010 videamur:
743 956 816 1028 qua
832 932 870 1004 iu
886 956 926 1004 re
943 932 974 1004 si
990 932 1079 1026 quid
1093 931 1286 1025 deliquerit
1303 933 1429 1018 Poeta,
1445 936 1574 1006 dicam

511 1051 644 1125 iterum
661 1050 758 1145 quod
774 1067 960 1143 nunquam
982 1048 1141 1142 profiteri
1157 1051 1339 1132 recusabo,
1355 1073 1428 1122 non
1445 1051 1573 1122 minus

511 1169 558 1242 ab
574 1191 617 1239 eo
633 1177 758 1239 contra
775 1166 862 1238 artis
879 1190 955 1237 suae
972 1167 1070 1262 leges
1084 1188 1196 1259 quam
1207 1166 1246 1236 in
1259 1165 1433 1238 virtutem
1447 1177 1487 1239 et
1503 1169 1573 1240 bo-
1688 1206 1689 1237 t

511 1307 576 1355 nos
594 1306 709 1354 mores
727 1292 914 1375 peccatum
930 1283 1017 1353 fore.

561 1396 727 1491 Exposui
755 1395 921 1479 breviter,
947 1406 991 1468 ut
1018 1395 1133 1488 potui,
1159 1395 1382 1484 Academici,
1410 1419 1494 1490 quoe
1518 1399 1571 1468 ad

511 1537 689 1592 wmmam
699 1513 810 1586 totius
820 1513 1025 1610 argumenti
1034 1512 1212 1606 pertinere
1221 1512 1447 1585 videbantur.
1472 1514 1571 1597 Quae

511 1632 543 1706 si
564 1632 700 1704 luerint
723 1641 847 1724 aperte
871 1630 1128 1712 demonstrata,
1145 1628 1250 1701 facile
1271 1653 1320 1702 ex
1343 1629 1388 1701 iis
1404 1638 1482 1702 tota
1498 1631 1572 1700 hu-

508 1749 570 1844 jus
585 1747 822 1821 institutionis
839 1747 932 1818 ratio
947 1747 1146 1841 colligetur.

522 1862 525 1870 '
563 1863 687 1936 Posito
711 1863 820 1946 enim,
844 1861 1119 1934 delectationem
1145 1861 1257 1933 animi
1281 1861 1466 1954 proprium
1488 1881 1569 1931 esse

513 1979 621 2051 Poesi
640 1978 762 2061 finem,
778 1977 908 2050 deinde
933 1979 1027 2049 hanc
1050 1978 1231 2070 duplicem
1255 2000 1333 2050 esse
1355 1975 1569 2048 monstravi·

513 2117 605 2178 mus,
618 2116 728 2169 unam
743 2117 828 2188 quse
842 2117 890 2166 ex
906 2116 959 2180 re,
974 2095 1126 2166 alteram
1142 2117 1226 2188 quoe
1242 2117 1291 2166 ex
1306 2093 1423 2166 verbis
1440 2115 1569 2164 nume·

513 2229 624 2302 roque
640 2219 819 2282 nascatur.
863 2210 922 2281 Eo
934 2232 1019 2282 rero
1035 2232 1119 2304 quae
1134 2233 1175 2281 re
1190 2215 1371 2282 constaret
1386 2208 1569 2303 quadrifsf

513 2325 604 2398 riam
621 2335 677 2398 est
694 2325 828 2408 divisam
853 2335 960 2419 prout
976 2325 1062 2397 oriri
1079 2326 1268 2398 videbatur
1287 2335 1353 2397 aut
1368 2349 1417 2396 ex
1432 2321 1569 2396 Imita-

513 2437 624 2526 done,
640 2453 705 2516 aut
721 2465 768 2516 ex
784 2437 1008 2536 Astacides,
1024 2451 1088 2515 aut
1107 2464 1157 2514 ex
1179 2441 1251 2514 ista
1266 2441 1380 2513 animi
1393 2441 1568 2514 facidmte

513 2581 623 2653 quam
640 2555 892 2630 Plaetorium
909 2558 1079 2642 diximus,
1096 2567 1162 2630 aut
1177 2557 1334 2651 denique
1350 2581 1397 2628 ex
1412 2558 1476 2629 illo
1488 2556 1568 2650 pul·

512 2674 591 2748 chri
608 2685 646 2747 et
661 2675 782 2750 decori
799 2699 918 2760 sensu,
934 2675 993 2746 cui
1017 2698 1064 2746 ne
1083 2695 1215 2746 nomen
1231 2674 1337 2758 desit,
1352 2674 1479 2746 eadem
1495 2696 1568 2768 qua

514 2802 624 2865 antea
638 2792 805 2863 libertate
821 2792 888 2876 usi,
904 2786 1102 2863 Judicinm
1118 2792 1349 2885 appellemus.

519 2948 523 2956 ·
565 2908 628 2981 Ex
653 2907 709 2978 his
734 2916 857 2979 sutem
882 2907 1043 3001 partibus
1068 2907 1291 3001 propositum
1312 2918 1368 2981 est
1386 2929 1569 3001 quamque

514 3046 579 3097 suo
596 3024 674 3094 loco
690 3022 856 3115 deinceps
881 3033 1059 3107 tractam
1082 3034 1122 3097 et
1138 3034 1316 3119 quantum
1338 3023 1378 3095 in
1402 3046 1462 3095 me
1486 3022 1568 3107 erit,

514 3138 737 3235 singularum
754 3148 932 3223 naturam,
942 3149 1106 3211 veterum
1118 3139 1266 3233 insuper
1279 3139 1471 3211 Poetunrm
1489 3162 1569 3211 car-

514 3254 670 3329 minibus
686 3256 913 3340 illustratam,
929 3256 1132 3328 accuratius
1146 3255 1329 3349 expedire.

563 3372 670 3456 Quod
686 3372 813 3467 siquis
829 3382 944 3445 totam
969 3373 1062 3444 hanc
1079 3395 1190 3465 quam
1205 3370 1365 3465 explicui
1388 3372 1567 3445 rationem

511 3488 594 3563 ideo
603 3490 849 3584 imperfectam
861 3512 939 3561 esse
949 3487 1101 3584 judicet,
1112 3488 1258 3581 quodin
1269 3487 1402 3560 solibus
1413 3488 1567 3563 facetiis·

511 3628 583 3700 que
598 3630 646 3678 ne
662 3606 810 3677 verbum
827 3605 972 3701 quidem
997 3603 1190 3697 posuerim,
1206 3602 1351 3675 tametsi
1373 3602 1460 3674 satis
1484 3627 1567 3677 con·

514 3728 587 3791 stet
602 3730 769 3812 poemata
784 3720 986 3816 legentibus
1010 3742 1084 3790 non
1106 3718 1294 3791 minimam
1311 3742 1359 3790 ex
1375 3718 1432 3790 his
1457 3717 1566 3791 inter-

513 3834 602 3905 dum
617 3836 840 3928 voluptatem
857 3835 1003 3928 percipi,
1016 3835 1106 3907 sciat
1123 3835 1282 3929 profecto
1293 3834 1402 3907 istam
1418 3858 1494 3905 rem
1508 3838 1578 3906 me

513 3972 587 4021 non
604 3949 851 4043 imprudenter
869 3950 1055 4045 reliquisse
1079 3951 1267 4024 intactam.
1315 3950 1467 4043 Etenim
1483 3972 1565 4021 eum

512 4064 604 4161 illud
628 4066 666 4137 in
694 4066 814 4145 animo
839 4090 980 4160 semper
1003 4068 1124 4152 habui,
1150 4077 1193 4138 ut
1216 4066 1401 4161 optimam
1414 4067 1564 4138 Poeseos

513 4182 667 4254 formam
679 4206 912 4276 proponerem
920 4185 1118 4279 juventuti,
1129 4183 1252 4279 quain
1264 4186 1379 4256 forma
1392 4183 1482 4256 adeo
1495 4205 1564 4254 non

513 4298 763 4373 desiderantur
786 4300 929 4375 facetiae
949 4310 992 4373 ut
1017 4303 1136 4376 uultus
1151 4300 1299 4374 omniuo
1315 4299 1361 4373 iis
1385 4299 1433 4374 ait
1448 4300 1564 4380 locus3
