3559 5575
406 221 841 287 Pamnxll.
937 280 944 285 .
1066 224 1196 289 DE
1248 226 1856 291 IMITATIONE.
2391 230 2517 296 177

397 397 718 468 maxime
777 397 972 470 inter
1023 422 1101 476 se
1155 398 1288 469 visi
1345 411 1515 471 sunt
1566 422 1891 495 pugnare
1945 399 2173 493 magis
2223 408 2384 470 tum
2438 399 2515 469 in

397 534 625 583 unum
675 513 867 585 coire
912 516 1166 598 solent,
1199 514 1458 586 iisdem
1503 514 1944 587 manifestari
1981 514 2226 609 signiS,
2260 515 2514 605 eadem

397 628 538 699 oris
582 628 916 722 vocisque
965 630 1234 703 indicia
1283 630 1620 723 proferre.
1725 629 2193 702 Recentiores
2242 639 2514 723 poetas,

394 746 791 836 praesertim
827 747 1165 829 scenicoS,
1187 747 1502 839 antiquis
1529 746 1785 816 melius
1810 747 1947 816 hoc
1970 746 2229 816 vidisse
2255 746 2510 818 credo:

395 882 700 954 quorum
750 884 939 931 unus
982 861 1472 932 incredibilem
1521 861 1968 933 auditoribus
2012 871 2362 933 terrorem
2402 862 2515 932 in-

383 975 647 1070 jecisse
672 976 927 1058 fertur,
951 999 1176 1069 quum
1214 977 1584 1047 mulierem
1615 977 1692 1047 in
1729 1001 1942 1048 scena
1976 978 2510 1048 acerbissimum

397 1087 720 1159 dolorem
745 1089 1107 1161 declarare
1127 1090 1377 1161 feccrit
1396 1090 1544 1161 risu
1574 1091 1813 1162 subito
1839 1114 1922 1162 ac
1949 1092 2204 1173 soluto,
2224 1093 2512 1184 qualem

400 1202 728 1278 homines
795 1205 1008 1276 edere
1076 1207 1308 1276 solent
1373 1205 1848 1278 immoderato
1913 1206 2178 1299 gaudio
2252 1207 2514 1278 affecti.

398 1317 660 1411 Neque
694 1318 926 1390 aberit
959 1344 1003 1390 a
1035 1319 1438 1413 quaestione
1481 1343 1649 1413 quae
1694 1343 1889 1390 nunc
1934 1320 2197 1414 agitur,
2232 1320 2293 1391 si
2343 1320 2517 1391 arti-

392 1432 546 1503 ficis
581 1433 818 1505 “illius
869 1435 1310 1507 mentionem
1361 1435 1624 1506 faciam
1686 1436 1891 1530 (nota
1948 1446 2060 1506 est
2110 1436 2303 1527 apud
2359 1433 2517 1507 Pic-

392 1556 584 1620 tores
644 1549 918 1643 fabula)
975 1550 1102 1643 qui
1157 1573 1322 1621 cum
1386 1550 1761 1621 mulierem
1815 1549 2112 1645 pingere
2166 1551 2382 1621 vellet
2434 1549 2510 1620 in

392 1675 626 1737 morte
666 1665 938 1738 Christi
986 1668 1186 1738 luctu
1241 1690 1458 1759 supra
1506 1667 1806 1737 modum
1856 1666 2330 1761 exagitatam,
2365 1667 2514 1737 effi-

389 1779 587 1875 giem
621 1781 835 1853 duxit
868 1805 969 1854 ex
997 1781 1278 1875 antiqui
1313 1782 1686 1876 cujusdam
1722 1780 2017 1874 pictoris
2051 1783 2323 1865 tabula,
2344 1805 2511 1875 quae

390 1896 762 1968 foeminam
798 1899 1093 1970 haberet
1117 1898 1194 1968 in
1226 1898 1497 1969 Bacchi
1531 1896 1750 1968 sacris
1786 1895 2003 1968 soluti
2037 1905 2255 1989 atque
2282 1898 2515 1968 effrae-

392 2010 505 2081 nis
555 2012 806 2106 gaudii
857 2013 1087 2108 signa,
1120 2012 1356 2104 capite
1402 2021 1696 2094 retorto,
1732 2022 1809 2082 et
1842 2011 2159 2081 violento
2201 2011 2513 2103 corporis

390 2124 618 2219 flexu,
651 2126 1204 2218 exprimentem.

497 2241 743 2312 Multa
776 2242 1015 2311 adhuc
1047 2250 1324 2312 restant
1351 2240 1677 2323 dicenda,
1703 2262 1870 2332 quae
1893 2240 2265 2331 praeterire
2294 2240 2515 2311 satius

397 2356 605 2439 duxi,
656 2380 751 2426 ne
804 2355 1206 2438 brevitatis,
1256 2378 1472 2448 quam
1529 2356 1700 2426 olim
1757 2353 1934 2424 mihi
1988 2377 2515 2447 proposueram,

394 2470 775 2542 immemor
810 2470 1027 2542 fuisse
1062 2471 1327 2542 videar.
1414 2472 1698 2563 Nempe
1734 2469 2026 2541 miseros
2062 2471 2155 2540 ad
2188 2470 2509 2541 Deorum

393 2587 699 2657 tutelam
753 2585 1163 2681 confugere,
1215 2596 1290 2657 et
1335 2588 1470 2657 hac
1522 2610 1647 2679 spe
1697 2587 1974 2657 animos
2021 2586 2255 2672 solari,
2302 2586 2510 2657 docet

387 2700 547 2795 ipsa
597 2709 880 2790 natura,
914 2702 1123 2773 docet
1166 2700 1601 2794 optimorum
1654 2710 2028 2794 poetarum
2085 2724 2294 2771 usus:
2349 2711 2508 2771 tum

389 2817 676 2888 eosdem
711 2818 1133 2911 plerumque
1169 2817 1242 2887 in
1280 2816 1678 2889 miserrima
1712 2818 2005 2889 fortuna
2041 2817 2370 2887 futurum
2419 2816 2513 2887 ti-

392 2953 611 3015 mere,
658 2932 849 3001 mala
899 2932 1136 3002 omnia
1187 2931 1578 3024 praecipere
1629 2931 1894 3015 animo,
1946 2941 2024 3003 et
2072 2931 2275 3024 quasi
2327 2952 2511 3023 prae-

391 3045 610 3117 terito
644 3047 932 3116 edoctos
963 3046 1146 3116 nihil
1181 3045 1352 3116 satis
1384 3056 1631 3118 tutum
1664 3045 2103 3117 existimare.

496 3160 688 3259 Haec
720 3169 962 3230 autem
1005 3168 1080 3230 et
1115 3159 1254 3229 alia
1302 3161 1671 3251 complura
1719 3160 1811 3231 de
1862 3161 2029 3253 Spe,
2064 3160 2153 3232 de
2189 3159 2507 3246 Timore,

393 3277 483 3347 de
536 3273 1056 3358 Misericordia,
1113 3275 1204 3345 de
1258 3274 1579 3357 Laetitia,
1631 3297 1810 3367 quas
1868 3298 2113 3346 omnes
2174 3286 2506 3346 accurate

392 3398 704 3463 tractare
736 3412 958 3484 prope
991 3389 1356 3461 infinitum
1393 3400 1601 3473 esset,
1633 3391 2018 3462 tacendum
2055 3389 2379 3471 decre-Vh
2415 3391 2505 3463 de

392 3506 670 3578 caeteris
703 3506 810 3578 ita
840 3507 1145 3588 locutuS,
1181 3507 1242 3576 si
1277 3505 1515 3577 minus
1549 3513 1633 3577 ut
1667 3506 1884 3593 volui,
1919 3515 2003 3577 ut
2037 3505 2241 3598 potui
2283 3513 2502 3592 certe,

391 3630 469 3692 et
497 3620 794 3693 fortasse
817 3621 1227 3717 junioribus
1261 3644 1405 3692 non
1440 3620 1820 3711 inutiliter,
1847 3645 2025 3715 quos
2060 3621 2351 3714 quidem
2386 3646 2504 3693 us-

390 3759 534 3829 que
557 3737 793 3808 adhuc
818 3746 1135 3809 attentos
1162 3735 1492 3808 habuisse
1518 3736 1696 3808 mihi
1721 3735 2208 3831 gratissimum
2236 3736 2499 3808 evenit.

392 3849 533 3920 His
553 3849 821 3943 itaque,
847 3852 1020 3922 dum
1049 3851 1142 3922 ad
1168 3874 1355 3923 nova
1379 3852 1713 3944 quaedam
1740 3851 2091 3945 meipsum
2116 3852 2497 3932 conferam,

473 4112 496 4140 ³
523 4101 736 4161 Baccio
764 4101 1106 4160 Bandiuelli.
1193 4102 1321 4161 Vid.
1369 4102 1458 4162 Sir
1485 4105 1701 4162 Joshua
1732 4105 2045 4184 Reynolds‚
2077 4104 2237 4163 Disc.
2267 4103 2410 4161 XII.

1433 4218 1493 4269 N
