3559 5575
454 96 683 161 Pam„
716 94 1000 161 xxvll.
1111 95 1243 159 DE
1288 95 1927 160 AFFECTIBUS.
2446 99 2577 162 345

449 270 819 367 singulare
845 268 1144 362 aliquod
1172 290 1463 362 semper
1490 278 1570 340 et
1591 269 1974 340 definitum
2006 280 2358 360 poscunt:
2393 280 2574 356 tum,

451 386 645 480 quod
677 384 968 481 gravius
1011 385 1242 455 multo
1287 394 1398 455 est
1430 393 1834 476 peceatum,
1870 407 1963 455 ne
1996 384 2283 456 tumida
2313 396 2392 457 et
2424 410 2576 458 am·

447 502 709 592 bitiosa
742 501 1036 572 modum
1070 523 1360 571 omnem
1394 510 1469 571 et
1502 500 1720 571 fidem
1754 511 2068 592 superet.
2121 501 2371 572 Invita
2401 526 2572 574 sane

447 616 786 687 Minerva
837 615 914 686 in
970 615 1357 711 tragoedias
1416 617 1631 686 hasce
1685 627 2085 689 excurrunt
2136 617 2570 689 recentiores

447 733 848 826 quidam—
860 728 1002 801 Vir
1061 728 1400 802 omnibus
1456 728 1792 802 numeris
1848 728 2571 803 absolutus—Omni

446 844 677 919 laude
711 844 1538 941 major—Eloquentiae
1559 845 1885 938 flumen,
1919 856 2234 931 torrens,
2252 845 2567 944 filmera

442 948 838 1034 —Suadae
869 958 1220 1033 sacerdos
1254 960 1543 1032 unicus.
1643 963 1886 1045 Quae
1864 986 1941 1032 m
1976 974 2226 1056 pectus
2259 964 2567 1059 legentis

443 1079 647 1150 illabi
664 1102 953 1172 prorsus
974 1089 1367 1173 nequeunt,
1387 1089 1464 1149 et
1485 1077 1914 1170 scriptorum
1936 1077 2148 1148 modo
2168 1079 2567 1150 vanitatem

443 1194 662 1266 olent.
735 1195 902 1266 Hoc
935 1204 1181 1266 autem
1213 1194 1290 1265 in
1317 1194 1497 1266 vitio
1529 1204 1641 1265 est
1665 1194 2047 1287 antiquum
2079 1193 2263 1264 illud
2293 1194 2386 1264 de
2409 1194 2568 1264 Au·

441 1319 680 1404 gusto,
715 1310 909 1403 quod
943 1312 1224 1382 tumulo
1257 1311 1412 1404 ejus
1444 1308 1871 1401 inscriptum
1905 1308 2127 1381 fuisse
2162 1308 2290 1379 vix
2340 1310 2567 1381 credi·

443 1425 696 1510 derim,
731 1426 912 1498 adeo
945 1427 1037 1497 ab
1068 1426 1308 1498 aetatis
1339 1425 1532 1495 illius
1566 1448 1752 1496 vena
1784 1425 2073 1518 penitus
2106 1426 2465 1498 abhorret.

531 1563 905 1643 Quantum
888 1586 1110 1651 ingens
1136 1562 1329 1641 orbis,
1358 1576 1673 1651 quantum
1701 1562 1884 1628 Jovis
1911 1561 2042 1627 alta
2071 1578 2373 1650 potestas,

508 1664 831 1730 ⁴‘'l'antus
815 1688 881 1729 ιιι
910 1666 1063 1730 orbe
1090 1665 1210 1745 fui,
1240 1688 1413 1730 mare
1441 1668 1615 1730 t'rans
1641 1674 2039 1752 pontiumque
2065 1664 2330 1752 subegi:

535 1767 659 1832 Vix
689 1767 923 1832 coelum
956 1767 1214 1856 Superis
1241 1784 1306 1831 et
1335 1767 1542 1831 sidera
1567 1789 1817 1848 summa
1842 1766 2094 1855 reliqui.

790 1873 988 1934 Eme.
1021 1892 1112 1935 Er
1145 1872 1373 1935 Poma.
1395 1885 1520 1935 vet.
1550 1893 1618 1957 p.
1648 1872 1753 1939 89.
1778 1872 1952 1933 12ωο
1957 1917 1973 1932 .
2005 1871 2251 1936 Paua.
2277 1871 2467 1940 1590.

449 2000 565 2072 Et·
586 2000 728 2071 ista
760 1998 1079 2082 Catonis,

621 2136 727 2200 Ne
754 2135 984 2199 mirere
1014 2133 1170 2198 sacri
1201 2133 1510 2198 deformia
1534 2135 1726 2198 busta
1755 2133 2051 2198 Catonis:

706 2237 1017 2301 Visuntur
1043 2235 1257 2322 magni
1285 2257 1483 2324 parva
1509 2233 1800 2322 sepulcra
1827 2235 1876 2298 J
1877 2234 2030 2298 ovis.
2226 2234 2325 2299 Ib.
2356 2239 2467 2304 8⁶7.

444 2365 815 2437 Audacius
873 2365 1169 2437 fortasse
1226 2374 1336 2436 est
1387 2364 1862 2459 Epigramma
1919 2361 2164 2433 Naevii
2213 2374 2450 2456 poetae
2506 2390 2554 2438 a

445 2481 677 2553 Gellio
726 2481 1117 2553 traditum:
1167 2504 1417 2553 verum
1465 2483 1601 2552 hoc
1644 2492 1840 2552 certe
1879 2480 2045 2551 boni
2081 2481 2320 2564 habet,
2353 2483 2549 2577 quod

443 2620 588 2669 non
633 2598 709 2668 in
747 2621 962 2692 vagos
1007 2608 1084 2668 et
1116 2595 1364 2668 inanes
1408 2596 1747 2689 strepitus
1796 2597 1954 2667 laus
2003 2597 2238 2685 abeat,
2283 2598 2412 2669 sed
2467 2598 2546 2670 in

441 2722 637 2786 certo
668 2713 980 2807 quodam
1013 2722 1089 2784 et
1121 2712 1416 2784 definito
1447 2735 1711 2809 genere
1743 2735 1823 2784 se
1853 2712 2242 2786 contineat.

617 2848 913 2913 Mortalis
938 2849 1307 2914 immortalis
1333 2850 1482 2914 flere
1509 2851 1562 2913 si
1589 2851 1754 2914 foret
1780 2851 1918 2924 ἕως

617 2950 877 3015 Flerent
904 2951 1071 3015 divae
1101 2954 1422 3016 Camoenae
1451 2953 1749 3016 Naevium
1777 2952 2062 3015 Poetam.

622 3054 854 3138 Itaque
883 3065 1220 3141 postquam
1248 3068 1343 3118 est
1373 3054 1605 3118 Orcino
1634 3052 1907 3117 traditus
1935 3052 2271 3126 thesauro3

618 3154 818 3223 Obliti
849 3170 998 3221 sunt
1026 3156 1253 3220 Romae
1280 3154 1526 3243 loquier
1557 3154 1793 3219 Latina
1817 3153 2054 3241 lingua.

1774 3258 1997 3322 Gna.
2031 3254 2137 3320 lib.
2171 3258 2232 3321 1.
2265 3282 2321 3323 c.
2354 3261 2457 3323 24.

443 3391 714 3463 Contra
740 3388 1036 3461 Pacuvii
1063 3386 1559 3482 Epigramma,
1583 3386 1798 3458 nimis
1821 3387 1896 3458 in
1933 3388 2228 3459 alteram
2263 3403 2543 3483 partem

443 3506 772 3598 proclive,
811 3528 940 3598 per
989 3513 1297 3597 quatuor
1345 3527 1709 3601 exangues
1760 3504 2071 3576 senarios
2117 3505 2295 3577 nihil
2345 3508 2543 3580 aliud

443 3631 687 3693 narrat
742 3631 1006 3714 praeter
1064 3620 1323 3713 sepulti
1379 3644 1660 3693 nomen.
1763 3632 1807 3663 ‘⁴
1833 3622 2541 3696 Verecundissimum

443 3745 488 3782 “
522 3736 810 3831 quidem
847 3738 1018 3819 est,”
1053 3748 1137 3807 ut
1170 3736 1379 3809 Gellii
1413 3737 1636 3829 ipsius
1661 3737 1895 3810 verbis
1928 3750 2114 3822 utar,
2142 3751 2187 3781 ‘⁶
2206 3752 2283 3811 et
2315 3741 2546 3833 puris-

443 3862 488 3897 “
522 3855 807 3941 simum,
832 3852 1270 3948 dignumque
1304 3854 1458 3947 ejus
1493 3855 2020 3949 elegantissima
2042 3857 2542 3950 gravitate”-

442 3978 518 4044 at
556 3968 742 4045 mihi
793 3980 988 4043 certe
1031 3969 1317 4042 videtur
1365 3972 1516 4043 sola
1543 3970 1831 4067 ·.linguae
1881 3972 2201 4064 puritate
2254 3972 2540 4062 pollere,

1435 4105 1485 4154 z
1526 4091 1572 4154 4
