3559 5575
367 214 595 280 Pam„
623 212 909 281 XVIII.
1027 215 1159 279 DE
1206 213 1875 280 AFFECTIBUS.·
2348 217 2476 282 245

361 386 474 459 At
499 410 664 481 quae
695 409 938 459 secum
962 386 1252 471 evolvit,
1275 389 1435 482 jam
1469 387 1582 459 sui
1613 409 1901 480 compos
1933 385 2192 471 factus,
2216 397 2294 459 et
2317 410 2479 479 per-

359 504 508 575 acti
563 503 898 576 facinoris
949 502 1295 588 consciuS,
1345 504 1736 575 affectuum
1791 512 1961 574 sunt
2011 502 2472 595 plenissima:

356 642 527 691 cum
561 643 659 705 se,
685 644 830 693 non
867 620 1080 693 modo
1114 620 1306 691 cives
1329 629 1405 691 et
1430 630 1738 702 exteroS,
1757 641 2012 690 verum
2039 627 2114 689 et
2139 627 2475 689 naturam

213 731 230 747 '
354 734 588 828 ipsam
613 738 960 832 aufugere
986 745 1334 830 tanquam
1358 736 1561 807 nefas
1585 745 1660 806 et
1682 734 2045 827 piaculum
2080 732 2473 826 praesumit.

620 884 816 957 Φωνῆν
846 882 965 965 γὰρ
997 881 1115 956 ἥσει
1139 877 1320 963 χθὼν,
1349 876 1728 943 ἀπεννέπουσά
1756 904 1829 960 με

624 985 728 1057 Μὴ
760 978 1045 1064 θιγγάνειν
1072 985 1202 1063 γῆς,
1233 979 1331 1044 καὶ
1361 979 1631 1045 θάλασσα
1656 983 1735 1063 μὴ
1764 986 1955 1065 περᾶν·

628 1081 839 1166 Πηγαί
866 1107 930 1144 το
956 1088 1247 1163 ποταμῶν.
1732 1083 1963 1146 HERC.
1999 1082 2173 1147 Fun.
2197 1082 2387 1151 1295.

360 1216 470 1288 Et
500 1227 666 1311 post
699 1219 967 1311 paullo,

619 1378 803 1461 Ἀτᾶρ
832 1376 1006 1441 πόνων
1036 1377 1098 1455 δὴ
1124 1374 1334 1462 μυρίων
1361 1375 1706 1460 δγευσᾶμην,

609 1475 726 1542 Ὧν
755 1475 868 1541 οὔτ’
900 1482 1128 1541 ἀπεῖπον
1157 1477 1326 1556 οὖὸὶν,
1355 1474 1472 1541 οὔτ’
1499 1480 1599 1541 ἀπ’
1629 1476 1903 1560 ὀμμάτων

609 1578 885 1658 ’Έσταξα
911 1578 1120 1666 πηγάς·
1171 1579 1278 1643 οὐδ’
1306 1576 1376 1642 ἄν
1404 1578 1588 1665 ᾠόμην
1614 1580 1750 1643 ποτὶ

624 1686 726 1757 Εἷς
755 1682 897 1746 τοῦθ’
928 1681 1164 1763 ἱκέσθαι,
1196 1680 1385 1767 δάκρυ’
1418 1682 1516 1744 ἀπ’
1550 1680 1821 1764 ὀμμάτων
1847 1683 2072 1760 βαλεῖν.

1735 1785 1967 1849 Hssnc.
2002 1783 2166 1848 Fun.
2193 1784 2388 1849 1353.

465 2005 681 2076 Hanc
712 2004 939 2099 igitur
961 2027 1127 2098 quae
1150 2006 1307 2098 jam
1342 2003 1539 2075 dicta
1569 2013 1741 2075 sunt
1766 2001 1919 2073 vim
1954 2002 2290 2075 habitura
2322 2025 2481 2097 spe-

360 2143 468 2207 ro,
501 2131 588 2192 ut
632 2120 938 2191 doceant
976 2118 1330 2189 insaniam
1375 2118 1605 2211 ipsam
1651 2118 1891 2188 minus
1942 2118 2037 2188 ad
2085 2117 2480 2191 misericor-

360 2236 560 2308 diam
612 2234 973 2328 pertinere
1017 2256 1237 2327 quam
1281 2233 1638 2326 plerisque
1681 2233 2199 2305 recentioribus
2232 2244 2343 2305 est
2372 2236 2482 2307 vi-

361 2375 571 2434 sum;
624 2351 882 2445 quibus
924 2348 1141 2420 nimis
1179 2348 1456 2420 curiose
1501 2370 2018 2440 nonnunquam
2059 2348 2135 2418 in
2180 2350 2318 2421 hoc
2366 2374 2479 2421 ar-

195 2551 227 2584 *
355 2478 711 2564 gumento
731 2464 996 2539 versari
1015 2473 1237 2558 atque
1261 2464 1480 2538 etiam
1507 2463 1833 2536 lascivire
1850 2463 2083 2535 libuit.
2134 2464 2477 2559 Superest

358 2584 599 2669 modo,
658 2593 743 2654 ut
800 2592 1245 2677 praeceptum
1304 2581 1594 2674 aliquod
1651 2602 2004 2674 ponamus
2061 2580 2140 2651 in
2200 2582 2337 2678 hac
2395 2606 2474 2656 re

357 2698 760 2783 tractanda,
794 2697 987 2793 quod
1022 2696 1271 2768 statim
1305 2719 1402 2768 ex
1436 2705 1607 2769 ante
1657 2693 1869 2767 dictis
1915 2694 2119 2790 sequi
2166 2707 2470 2770 constat.

357 2815 555 2886 Nam
577 2815 639 2886 si
660 2813 1080 2886 insanientis
1100 2815 1474 2910 cujusdam
1497 2836 1666 2884 casu
1688 2823 1848 2885 tum
1869 2812 2321 2906 potissimum
2340 2836 2474 2884 nos

358 2930 567 3025 tangi
586 2930 978 3024 contingat,
1001 2931 1286 3023 quando
1313 2939 1441 3001 aut
1461 2929 1868 3022 praeteritos
1886 2928 2164 3000 dolores
2184 2928 2472 3017 referre,

362 3055 494 3117 aut
519 3055 858 3116 venturos
882 3044 1222 3138 augurari
1245 3043 1553 3127 videtur,
1577 3043 1860 3141 ingenti
1893 3067 2063 3115 sane
2095 3066 2333 3138 errore
2365 3052 2474 3116 te-

361 3169 632 3231 nentur
653 3158 730 3243 ii,
752 3168 1105 3252 quotquot
1124 3157 1414 3229 ultimos
1438 3158 1713 3230 furores
1740 3159 2136 3230 describere
2157 3159 2474 3255 aggressi

357 3285 554 3358 sunt,
588 3273 848 3369 quibus
898 3297 1033 3345 nec
1083 3274 1338 3346 modus
1386 3273 1597 3363 inest,
1641 3298 1775 3347 nec
1826 3275 2182 3347 sententia
2234 3275 2472 3370 aliqua

355 3401 488 3462 aut
512 3389 811 3462 rationis
844 3387 1293 3486 significatio.
1373 3389 1616 3473 Quum
1651 3391 1730 3462 id
1762 3415 2049 3484 prorsus
2081 3415 2195 3462 res
2228 3401 2473 3484 postu-

356 3507 484 3591 let,
518 3517 600 3578 ut
634 3507 786 3578 veri
821 3505 1084 3577 doloris
1117 3528 1333 3576 causa
1364 3505 1557 3578 inter
1589 3507 2061 3580 deliramenta
2093 3508 2471 3580 eluceat-

357 3629 445 3691 ut
489 3623 780 3692 turbata
822 3621 1156 3693 videatur
1206 3644 1407 3693 mens
1459 3645 1603 3692 non
1660 3623 2195 3695 exstincta—et
2244 3647 2470 3717 quan-

356 3757 578 3827 quam
609 3736 885 3807 incerto
918 3760 1131 3807 cursu
1166 3746 1492 3832 vagetur,
1518 3737 1695 3809 etin
1720 3737 1925 3810 vanis
1961 3738 2285 3835 fictisque
2320 3743 2465 3811 hae-

358 3859 540 3937 reat,
574 3850 877 3947 vestigia
909 3862 1152 3924 tamen
1185 3875 1339 3945 prae
1373 3876 1451 3924 se
1484 3852 1750 3948 ubique
1783 3855 1970 3927 ferat
2003 3855 2347 3928 veritatis.

462 3966 657 4038 Mira
701 3966 952 4061 utique
996 3968 1218 4041 estin
1264 3971 1399 4041 hac
1444 3992 1544 4052 re,
1580 3970 1766 4042 sicut
1801 3971 1873 4042 in
1922 3972 2199 4044 caeteris
2242 3970 2467 4041 ferme

363 4082 715 4168 omnibuS,
743 4083 1034 4180 Virgilii
1066 4085 1468 4180 prudentia.
1545 4087 1805 4182 Neque
1830 4089 2022 4163 enim
2057 4106 2467 4182 quenquam

1342 4220 1395 4271 R
1433 4208 1477 4271 3
