3559 5575
1141 159 1270 222 158
1900 156 2146 221 PARS
2194 153 2512 220 PRIMA
2877 154 3116 218 Ριιῑ..
3143 154 3259 218 ΧΙ.

2006 327 2260 390 Rursus
2286 323 2574 389 increscit
2602 322 2805 403 dolor,

1310 432 1405 494 Et
1431 430 1632 493 fervet
1659 425 1915 491 odium:
1964 425 2194 514 repetit
2219 425 2483 489 invitam
2511 446 2773 488 manum

1314 530 1606 617 Antiqua
1628 529 1942 617 Erinnys:
1976 528 2089 607 ira,
2112 550 2244 616 qua
2263 526 2466 605 ducis,
2490 549 2738 613 sequor.
2787 526 2989 590 Mnn.
3018 529 3177 597 951.

1142 677 1329 749 Sunt
1363 677 1538 756 haec,
1572 683 1658 745 ut
1690 672 1925 767 quivis
1958 673 2167 744 facile
2200 672 2580 767 intelliget,
2616 681 2901 764 sumpta
2946 695 3055 743 ex
3101 675 3248 764 pul-

1141 791 1494 864 cherrima
1527 788 1900 882 Euripidis
1945 789 2210 871 fabula,
2244 788 2319 859 in
2357 812 2503 883 qua
2536 812 2681 860 una
2715 788 3045 880 profecto
3085 790 3246 858 mihi

1140 907 1427 979 videtur
1458 907 1579 978 ille
1612 927 1900 976 omnem
1933 905 2082 975 vim
2118 904 2292 976 artis
2326 928 2479 975 suae
2526 914 2744 998 atque
2791 903 3074 999 ingenii
3119 907 3246 974 col-

1141 1025 1426 1115 locasse.
1527 1021 1924 1095 Videamus
1958 1032 2204 1093 autem
2235 1043 2454 1115 quam
2494 1020 2708 1113 plane
2752 1019 2893 1091 alia
2937 1044 3061 1091 res
3107 1021 3243 1115 agi-

1140 1152 1286 1223 tur,
1339 1159 1564 1233 quum
1620 1137 1771 1209 veri
1829 1145 2063 1229 poetae
2122 1159 2323 1207 mens
2391 1160 2477 1207 ac
2532 1133 2890 1231 judicium
2957 1135 3241 1206 adhibe-

1143 1267 1283 1327 tur.

1313 1379 1455 1452 Φεῦ,
1487 1379 1607 1455 φεῦ,
1638 1370 1698 1435 τί
1723 1369 2117 1457 προσδέρκεσθέ
2146 1373 2205 1452 μ’
2240 1369 2509 1452 ὄμμασιν,
2538 1369 2748 1444 τέκνας

1311 1475 1389 1540 Τί
1415 1479 1772 1561 προσγελᾶτε
1803 1475 1895 1535 τὸν
1923 1473 2277 1536 πανύστατον
2306 1470 2495 1556 γέλων
2517 1495 2537 1551 3

1311 1576 1410 1655 AI,
1441 1574 1524 1653 αἶ,
1554 1574 1612 1638 τί
1641 1572 1865 1659 ὃρᾶσως
1916 1573 2117 1659 καρδία
2146 1578 2263 1658 γὰρ
2293 1572 2540 1659 οἴχεται,

1313 1683 1368 1742 Γ
1366 1672 1604 1755 υναῖκὲς,
1634 1674 1794 1759 ὄμμα
1826 1677 2048 1762 ᾠαιὸρόν
2078 1677 2149 1749 ὥς
2180 1676 2312 1738 εἶδον
2345 1675 2569 1740 τέκνων.

1313 1783 1445 1844 Οὐκ
1473 1776 1542 1842 ἂν
1571 1777 1854 1858 δυναίμην·
1897 1781 2153 1862 χαιρέτω
2181 1776 2551 1859 βουλεύματα

1312 1887 1406 1946 Τὰ
1435 1880 1678 1966 πρόσθεν·
1726 1877 1847 1957 ἄξω
1874 1881 2073 1953 παῖδας
2105 1882 2165 1940 ἐκ
2198 1878 2372 1963 γαίας
2404 1878 2585 1960 ἐμούς.

1310 1983 1390 2048 T!
1416 1985 1497 2047 δεῖ
1518 2007 1616 2064 με,
1645 1979 1866 2065 πατέρα
1894 1983 2058 2043 τῶνδε
2087 1983 2199 2053 τοῖς
2225 1980 2433 2043 τούτων
2462 1984 2655 2054 κακοῖς

1314 2091 1637 2163 Λυτοῦσαν,
1670 2086 1838 2160 αὐτὴν
1866 2083 1943 2154 δὶς
1971 2080 2113 2144 τόσα
2146 2084 2386 2167 κτᾷσθαι
2420 2080 2613 2154 κακᾶς

1312 2192 1404 2252 Οὐ
1434 2188 1544 2264 δῆτ’
1578 2186 1785 2269 ἔγωγε·
1832 2183 2089 2269 χαιρέτω
2117 2183 2501 2265 βουλεύματα.

1316 2290 1440 2356 Καί
1465 2315 1551 2354 τοι
1579 2287 1639 2352 τί
1665 2288 1920 2372 πάσχω;
1968 2286 2246 2366 βούλομαι
2275 2285 2484 2369 γέλωτ’
2514 2284 2720 2368 ὅφλειν,

1312 2394 1585 2478 Ἐχθροὺς
1613 2390 1844 2471 μεθεῖσα
1876 2389 1998 2462 τοὺς
2029 2389 2190 2470 ἐμοὺς
2219 2387 2518 2470 ἁζημῖους;

1309 2491 1632 2574 Τολμητέον
1658 2491 1799 2552 τάδ’·
1844 2493 2007 2552 ἀλλὰ
2035 2496 2130 2565 τῆς
2159 2494 2288 2572 ἐμῆς
2318 2489 2515 2568 κάκης,

1311 2596 1394 2656 Τὸ
1426 2594 1520 2657 καὶ
1550 2591 1811 2677 προέσθαι
1839 2592 2164 2672 μαλθακοὺς
2193 2592 2395 2677 λόγους
2424 2590 2591 2679 φρενί.
2741 2594 2937 2657 MED.
2967 2594 3153 2660 1036.

1242 2749 1484 2820 Mater
1518 2745 1771 2818 misere
1805 2745 1968 2817 odio
2002 2756 2076 2818 et
2109 2746 2349 2819 furore
2393 2746 2663 2840 percita
2708 2747 2851 2818 huc
2895 2746 3075 2819 illuc
3122 2771 3232 2820 an·

1141 2865 1342 2959 cipiti
1375 2862 1807 2960 cogitatione
1841 2862 2303 2934 distrahitur:
2356 2863 2716 2957 proposito
2750 2888 2945 2935 nunc
2978 2864 3231 2936 instat:

1141 3007 1314 3054 mox
1363 2980 1717 3053 flectitur:
1771 2978 2051 3051 desistit
2086 2981 2447 3073 paullum:
2502 2979 2920 3076 aggreditur
2951 3004 3228 3051 rursus:

1138 3124 1315 3195 quas
1348 3121 1594 3169 omnes
1629 3095 2081 3168 consiliorum
2118 3095 2306 3166 vices
2339 3106 2554 3187 poeta
2599 3118 2880 3165 summa
2924 3096 3073 3169 fide
3121 3120 3234 3167 ex-

1138 3214 1432 3308 plicuit:
1486 3224 1702 3308 atque
1736 3213 1843 3283 ita
1862 3210 2245 3304 explicuit,
2270 3220 2354 3287 ut
2380 3233 2540 3304 quae
2575 3223 2816 3287 secum
2849 3210 3056 3287 intus
3089 3235 3234 3284 sen-

1139 3331 1275 3401 tiat
1309 3328 1921 3421 mulier—pietati
1963 3350 2221 3419 nempe
2271 3349 2464 3397 nunc
2512 3328 2694 3398 iram
2746 3328 2999 3399 cedere
3054 3350 3236 3398 nunc

1140 3442 1269 3512 irae
1319 3443 1685 3533 pietatem,
1735 3464 1978 3512 rursus
2029 3443 2340 3513 dolfflem
2395 3441 2808 3524 increscere,
2849 3451 2927 3513 et
2963 3442 3237 3513 fervere

1141 3558 1644 3630 odium—haec
1677 3557 1800 3627 illa
1833 3579 1973 3627 non
2014 3557 2216 3649 quasi
2253 3581 2404 3629 rem
2444 3557 2711 3629 factam
2755 3557 3033 3629 curiose
3077 3581 3236 3628 nar-

1140 3683 1276 3760 ret,
1310 3674 1436 3744 sed
1469 3672 1841 3744 sententiis
1862 3672 2132 3765 -quibus
2176 3673 2432 3757 utitur,
2466 3683 2541 3744 et
2575 3672 2842 3744 inflexo
2888 3674 2985 3744 ad
3029 3675 3241 3744 affec-

1138 3801 1347 3864 tuum
1381 3788 1768 3884 imaginem
1807 3790 2148 3862 sermonis
2180 3790 2457 3873 habitu,
2493 3790 2875 3862 manifesta
2907 3791 3193 3862 reddat.

1237 3906 1352 3978 Ne
1386 3929 1554 3978 vero
1586 3905 1803 3977 latius
1834 3917 2211 3978 sumantur
2243 3909 2411 3988 haec⁴
2431 3928 2650 3999 quam
2683 3916 2812 3977 aut
2839 3906 2945 3979 rei
2978 3917 3242 4004 natura

1137 4025 1433 4118 patitur,
1466 4033 1595 4095 aut
1627 4022 1779 4115 ipse
1812 4023 2069 4106 velim3
2119 4020 2491 4118 permagni
2539 4021 2881 4094 interesse
2932 4034 3245 4107 constat,
