3559 5575
873 127 994 198 PARS
1017 131 1180 196 PRIMA
1354 133 1472 197 Pan.
1488 133 1565 204 lx.

501 335 585 408 quae
613 307 725 382 tacita
754 306 973 402 cogitatione
997 305 1097 377 intus
1120 303 1381 397 percipiuntur,
1404 327 1452 376 au
1477 329 1568 399 quae

501 427 607 502 certis
620 423 762 497 indiciis
774 422 896 494 vultus
909 421 1136 516 corporisque
1152 421 1247 491 fiunt
1259 420 1451 492 manifesta
1463 421 1566 494 foris.

502 541 714 616 Leviculum
744 537 894 610 fortasse
922 547 979 609 est
1000 535 1092 607 illud
1120 535 1268 619 Catulli,
1295 536 1358 607 sed
1383 535 1431 608 ad
1456 559 1567 632 argu.

502 667 667 730 mentum
685 653 785 726 facit.

590 770 641 834 Ut
655 768 785 832 missum
800 765 907 853 sponsi
921 765 1042 830 furtivo
1054 786 1185 829 munere
1200 763 1321 827 malum

633 868 798 934 Procurrit
811 883 898 932 carto
912 866 1051 954 Virginis
1064 890 1083 930 e
1097 865 1228 953 gremio,

590 969 685 1050 Quod
699 970 820 1035 miserae
834 967 942 1034 oblitae
956 967 1044 1033 molli
1058 968 1120 1048 sub
1135 981 1222 1031 veste
1236 965 1385 1045 locatum,

635 1074 724 1137 Dum
738 1071 878 1136 adventu
894 1069 1003 1134 matris
1016 1067 1149 1158 prosilit,
1163 1067 1342 1142 excutitur,

594 1175 705 1260 Atque
718 1172 797 1238 illud
813 1194 914 1261 prono
927 1193 1069 1260 praeceps
1083 1170 1190 1258 agitur
1204 1167 1357 1233 decursu:

635 1275 845 1368 Huiclmanat
860 1273 940 1339 tristi
954 1273 1096 1338 conscius
1109 1296 1164 1337 ore
1178 1271 1286 1336 rubor.

1031 1378 1187 1441 Carnun.
1205 1376 1323 1440 Canu.
1338 1373 1453 1438 LXV.
1468 1375 1520 1444 19.
1651 1410 1652 1423 1

506 1483 614 1565 Quod
630 1505 715 1554 sane
733 1482 978 1554 dulcissimum
995 1483 1168 1573 Odysseae
1184 1481 1303 1551 locum
1325 1477 1414 1549 facit
1429 1489 1473 1549 ut
1487 1501 1563 1549 me-

507 1597 684 1680 minerim,
701 1597 764 1667 ubi
780 1597 961 1668 Nausicaa
982 1596 1197 1668 instantium
1220 1594 1429 1687 nuptiarum
1454 1595 1561 1687 probe
1652 1588 1653 1599 ’

508 1712 649 1784 conscia
670 1712 790 1784 fictam
813 1711 930 1784 adfert
947 1711 1101 1784 Alcinoo
1126 1710 1298 1804 propositi
1322 1709 1379 1781 sui
1404 1733 1560 1782 causam.

508 1826 577 1898 Cui
594 1827 740 1920 quidem
757 1826 841 1897 filiae
858 1827 1085 1899 verecundiae
1102 1826 1260 1898 suaviter
1275 1825 1348 1908 ille,
1365 1834 1407 1897 ut
1423 1834 1561 1918 patrem

509 1941 641 2025 decuit,
659 1942 843 2013 succurrit.

589 2060 647 2136 Ὣς
663 2059 752 2145 ἔφατ’·
777 2059 868 2125 altaro
883 2065 943 2147 γὰρ
958 2063 1071 2146 θαλερὸν
1085 2062 1181 2148 γάμον
1196 2065 1355 2147 ἦξονομῇνω

597 2163 693 2251 [πατρὶ
708 2161 790 2249 φίλῳ·
812 2163 914 2226 oua
930 2165 1075 2226 uuum
1088 2167 1206 2243 Nom,
1222 2163 1271 2226 aar
1285 2161 1420 2245 emtam
1433 2162 1518 2247 pata

1276 2268 1400 2330 Ouras.
1416 2271 1452 2329 Z.
1465 2263 1520 2330 66.

561 2385 719 2480 Elegaus
736 2409 842 2478 porro
858 2398 915 2458 est
931 2387 969 2457 iu
986 2410 1025 2458 re
1042 2409 1114 2458 non
1137 2387 1292 2459 absimili
1314 2386 1565 2460 Statius—ubi
1657 2366 1658 2377 ἵ

511 2499 657 2688 Αῐῖτόεειὶ
684 2500 768 2572 filiae
793 2501 831 2572 in
856 2502 1040 2596 hospitum
1064 2513 1296 2598 conspectum
1323 2504 1436 2597 patris
1459 2505 1564 2599 jussu

511 2639 537 2710 p
602 2625 700 2687 eunt.

1031 2732 1126 2800 Nova
1140 2732 1255 2799 deinde
1268 2732 1383 2822 pudori

601 2832 675 2899 Visa
691 2832 789 2901 virdm
805 2834 916 2900 facies:
941 2835 1060 2923 pariter
1073 2836 1239 2925 pallorque
1253 2837 1415 2925 ruborque

600 2938 783 3024 Purpureas
797 2936 930 3003 hausere
944 2961 1059 3027 genas:
1083 2941 1225 3027 oculique
1240 2950 1380 3005 verenter

599 3040 652 3105 Ad
664 3049 809 3105 sanctum
823 3039 945 3107 rediere
951 3050 1092 3128 patrem.
1266 3042 1380 3106 Tuus.
1398 3041 1429 3105 1.
1444 3038 1520 3105 536.

564 3194 684 3266 Pallor
708 3174 882 3289 genarum
908 3202 945 3265 et
968 3194 1119 3267 subinde
1143 3196 1263 3278 rubor,
1285 3205 1324 3267 et
1342 3195 1502 3290 dejectus
1526 3196 1565 3266 in

513 3320 647 3381 terram
663 3310 784 3381 vultus
810 3308 957 3381 cuilibet
980 3321 1064 3382 suut
1087 3311 1125 3381 in
1151 3321 1341 3404 promptu:
1368 3313 1464 3405 quod
1481 3335 1568 3383 vero

515 3426 567 3497 ait
583 3424 867 3496 erubescentium
884 3428 1045 3499 oculosa
1064 3451 1158 3500 nova
1179 3428 1271 3499 facie
1294 3429 1342 3499 ad
1363 3440 1485 3500 uotam
1511 3453 1568 3500 re-

515 3537 685 3631 torqueri,
714 3538 828 3631 ipsam
857 3538 910 3610 rei
935 3542 1125 3615 veritatem
1153 3542 1346 3635 exprimit;
1370 3544 1569 3637 edooetque

516 3655 621 3747 plane
637 3664 811 3748 quantum
830 3654 996 3751 diligenti
1013 3659 1260 3731 observatione
1276 3658 1386 3731 etiam
1410 3660 1447 3730 iu
1471 3683 1570 3731 com·

516 3768 683 3841 munibus
699 3770 796 3841 hisce
812 3772 976 3863 praestari
993 3774 1114 3867 possit.

566 3882 706 3956 Primos
724 3885 797 3957 fere
814 3894 915 3960 tenet
931 3887 1081 3973 Statius,
1098 3900 1140 3960 ut
1158 3896 1266 3961 antea
1289 3899 1345 3961 est
1362 3889 1513 3971 dictum,
1528 3889 1569 3960 in

515 4000 584 4071 hoc
616 4000 741 4073 leniori
771 4024 902 4097 genere
932 4004 1132 4075 scribendi:
1159 4015 1196 4076 et
1222 4004 1381 4097 proiecto
1414 4004 1571 4097 plurima
