<?xml version="1.0" encoding="UTF-8"?>
<!DOCTYPE html PUBLIC "-//W3C//DTD XHTML 1.0 Transitional//EN"
    "http://www.w3.org/TR/xhtml1/DTD/xhtml1-transitional.dtd">
<html xmlns="http://www.w3.org/1999/xhtml" xml:lang="en" lang="en">
 <head>
  <title>
</title>
<meta http-equiv="Content-Type" content="text/html;charset=utf-8" />
  <meta name='ocr-system' content='tesseract 3.04.00' />
  <meta name='ocr-capabilities' content='ocr_page ocr_carea ocr_par ocr_line ocrx_word'/>
</head>
<body>
  <div class='ocr_page' id='page_1' title='image "./praelectionesac00coplgoog/praelectionesac00coplgoog_0452.png"; bbox 0 0 3559 5575; ppageno 0'>
   <div class='ocr_carea' id='block_1_1' title="bbox 402 167 1459 238">
    <p class='ocr_par' dir='ltr' id='par_1_1' title="bbox 402 167 1459 238">
     <span class='ocr_line' id='line_1_1' title="bbox 402 167 1459 238; baseline 0.006 -6"><span class='ocrx_word' id='word_1_1' title='bbox 402 167 518 232; x_wconf 65' lang='grc' dir='ltr'><strong>ΡΜ..</strong></span> <span class='ocrx_word' id='word_1_2' title='bbox 535 167 692 234; x_wconf 84' lang='lat' dir='ltr'>XXXV.</span> <span class='ocrx_word' id='word_1_3' title='bbox 750 169 815 234; x_wconf 88' lang='lat' dir='ltr'><strong>DE</strong></span> <span class='ocrx_word' id='word_1_4' title='bbox 838 169 1133 234; x_wconf 85' lang='lat' dir='ltr'><strong>PHANTASIA.</strong></span> <span class='ocrx_word' id='word_1_5' title='bbox 1394 173 1459 238; x_wconf 71' lang='lat'><strong>465</strong></span> 
     </span>
    </p>
   </div>
   <div class='ocr_carea' id='block_1_2' title="bbox 403 343 1458 554">
    <p class='ocr_par' dir='ltr' id='par_1_2' title="bbox 403 343 1458 554">
     <span class='ocr_line' id='line_1_2' title="bbox 453 343 1458 438; baseline 0.002 -24"><span class='ocrx_word' id='word_1_6' title='bbox 453 343 633 438; x_wconf 66' lang='lat' dir='ltr'><strong>Sng&#39;ttarn</strong></span> <span class='ocrx_word' id='word_1_7' title='bbox 649 343 784 435; x_wconf 83' lang='lat' dir='ltr'><strong>pariter</strong></span> <span class='ocrx_word' id='word_1_8' title='bbox 800 367 824 414; x_wconf 86' lang='lat' dir='ltr'><strong>a</strong></span> <span class='ocrx_word' id='word_1_9' title='bbox 842 344 952 415; x_wconf 88' lang='lat' dir='ltr'><strong>lorica</strong></span> <span class='ocrx_word' id='word_1_10' title='bbox 974 343 1146 415; x_wconf 87' lang='lat' dir='ltr'><strong>reflexam</strong></span> <span class='ocrx_word' id='word_1_11' title='bbox 1170 343 1309 414; x_wconf 80' lang='lat' dir='ltr'><strong>salienti</strong></span> <span class='ocrx_word' id='word_1_12' title='bbox 1332 344 1369 414; x_wconf 92' lang='lat' dir='ltr'><strong>in</strong></span> <span class='ocrx_word' id='word_1_13' title='bbox 1393 345 1458 416; x_wconf 89' lang='lat' dir='ltr'><strong>tri·</strong></span> 
     </span>
     <span class='ocr_line' id='line_1_3' title="bbox 403 455 1456 554; baseline 0.003 -25"><span class='ocrx_word' id='word_1_14' title='bbox 403 468 488 530; x_wconf 88' lang='lat' dir='ltr'><strong>tura</strong></span> <span class='ocrx_word' id='word_1_15' title='bbox 518 457 693 554; x_wconf 86' lang='lat' dir='ltr'><strong>legumini</strong></span> <span class='ocrx_word' id='word_1_16' title='bbox 726 458 900 530; x_wconf 79' lang='lat' dir='ltr'><strong>assimilat</strong></span> <span class='ocrx_word' id='word_1_17' title='bbox 917 455 1128 552; x_wconf 87' lang='lat' dir='ltr'><strong>b--Aquilae</strong></span> <span class='ocrx_word' id='word_1_18' title='bbox 1161 459 1234 530; x_wconf 85' lang='lat' dir='ltr'><strong>alas</strong></span> <span class='ocrx_word' id='word_1_19' title='bbox 1267 459 1456 550; x_wconf 80' lang='lat' dir='ltr'><strong>patefactis</strong></span> 
     </span>
    </p>
   </div>
   <div class='ocr_carea' id='block_1_3' title="bbox 394 572 1481 3916">
    <p class='ocr_par' dir='ltr' id='par_1_3' title="bbox 394 572 1458 1014">
     <span class='ocr_line' id='line_1_4' title="bbox 400 572 1456 666; baseline 0.002 -22"><span class='ocrx_word' id='word_1_20' title='bbox 400 572 529 665; x_wconf 88' lang='lat' dir='ltr'><strong>palatii</strong></span> <span class='ocrx_word' id='word_1_21' title='bbox 556 573 669 644; x_wconf 86' lang='lat' dir='ltr'><strong>valvis</strong></span> <span class='ocrx_word' id='word_1_22' title='bbox 683 575 874 646; x_wconf 79' lang='lat' dir='ltr'><strong>⁰-lremes</strong></span> <span class='ocrx_word' id='word_1_23' title='bbox 904 574 1057 646; x_wconf 87' lang='lat' dir='ltr'><strong>cadaver</strong></span> <span class='ocrx_word' id='word_1_24' title='bbox 1086 573 1243 644; x_wconf 89' lang='lat' dir='ltr'><strong>humeris</strong></span> <span class='ocrx_word' id='word_1_25' title='bbox 1272 584 1456 666; x_wconf 88' lang='lat' dir='ltr'><strong>portantes</strong></span> 
     </span>
     <span class='ocr_line' id='line_1_5' title="bbox 394 687 1457 786; baseline 0.004 -26"><span class='ocrx_word' id='word_1_26' title='bbox 394 689 510 760; x_wconf 80' lang='lat' dir='ltr'><strong>mulis</strong></span> <span class='ocrx_word' id='word_1_27' title='bbox 534 689 677 785; x_wconf 91' lang='lat' dir='ltr'><strong>tignum</strong></span> <span class='ocrx_word' id='word_1_28' title='bbox 698 689 826 785; x_wconf 86' lang='lat' dir='ltr'><strong>ingens</strong></span> <span class='ocrx_word' id='word_1_29' title='bbox 842 689 880 760; x_wconf 90' lang='lat' dir='ltr'><strong>vi</strong></span> <span class='ocrx_word' id='word_1_30' title='bbox 900 691 1127 762; x_wconf 87' lang='lat' dir='ltr'><strong>trahentibus</strong></span> <span class='ocrx_word' id='word_1_31' title='bbox 1137 687 1356 786; x_wconf 78' lang='lat' dir='ltr'><strong>d--Ajccem</strong></span> <span class='ocrx_word' id='word_1_32' title='bbox 1377 693 1457 764; x_wconf 88' lang='lat' dir='ltr'><strong>hos·</strong></span> 
     </span>
     <span class='ocr_line' id='line_1_6' title="bbox 398 805 1458 898; baseline 0.001 -21"><span class='ocrx_word' id='word_1_33' title='bbox 398 805 498 877; x_wconf 89' lang='lat' dir='ltr'><strong>tibus</strong></span> <span class='ocrx_word' id='word_1_34' title='bbox 515 829 734 898; x_wconf 88' lang='lat' dir='ltr'><strong>oppressum,</strong></span> <span class='ocrx_word' id='word_1_35' title='bbox 751 817 789 878; x_wconf 90' lang='lat' dir='ltr'><strong>et</strong></span> <span class='ocrx_word' id='word_1_36' title='bbox 805 806 910 877; x_wconf 87' lang='lat' dir='ltr'><strong>tardo</strong></span> <span class='ocrx_word' id='word_1_37' title='bbox 927 807 1017 898; x_wconf 91' lang='lat' dir='ltr'><strong>pede</strong></span> <span class='ocrx_word' id='word_1_38' title='bbox 1035 829 1072 877; x_wconf 91' lang='lat' dir='ltr'><strong>se</strong></span> <span class='ocrx_word' id='word_1_39' title='bbox 1089 829 1137 878; x_wconf 84' lang='lat' dir='ltr'><strong>ex</strong></span> <span class='ocrx_word' id='word_1_40' title='bbox 1160 808 1267 878; x_wconf 89' lang='lat' dir='ltr'><strong>turba</strong></span> <span class='ocrx_word' id='word_1_41' title='bbox 1290 830 1458 879; x_wconf 86' lang='lat' dir='ltr'><strong>amoven-</strong></span> 
     </span>
     <span class='ocr_line' id='line_1_7' title="bbox 395 920 1175 1014; baseline 0 -22"><span class='ocrx_word' id='word_1_42' title='bbox 395 931 489 1005; x_wconf 86' lang='lat' dir='ltr'><strong>tem,</strong></span> <span class='ocrx_word' id='word_1_43' title='bbox 506 921 606 992; x_wconf 87' lang='lat' dir='ltr'><strong>asino</strong></span> <span class='ocrx_word' id='word_1_44' title='bbox 622 944 814 1014; x_wconf 90' lang='lat' dir='ltr'><strong>puerorum</strong></span> <span class='ocrx_word' id='word_1_45' title='bbox 830 920 962 993; x_wconf 90' lang='lat' dir='ltr'><strong>ictibus</strong></span> <span class='ocrx_word' id='word_1_46' title='bbox 979 922 1142 994; x_wconf 86' lang='lat' dir='ltr'><strong>lacessito</strong></span> <span class='ocrx_word' id='word_1_47' title='bbox 1150 933 1175 992; x_wconf 53' lang='grc' dir='ltr'><strong>θ.</strong></span> 
     </span>
    </p>

    <p class='ocr_par' dir='ltr' id='par_1_4' title="bbox 394 1037 1458 1686">
     <span class='ocr_line' id='line_1_8' title="bbox 454 1037 1458 1133; baseline 0.001 -25"><span class='ocrx_word' id='word_1_48' title='bbox 454 1037 524 1108; x_wconf 88' lang='lat' dir='ltr'><strong>His</strong></span> <span class='ocrx_word' id='word_1_49' title='bbox 540 1061 670 1130; x_wconf 85' lang='lat' dir='ltr'><strong>nempe</strong></span> <span class='ocrx_word' id='word_1_50' title='bbox 687 1037 860 1129; x_wconf 87' lang='lat' dir='ltr'><strong>exemplis</strong></span> <span class='ocrx_word' id='word_1_51' title='bbox 874 1037 995 1109; x_wconf 86' lang='lat' dir='ltr'><strong>deesse</strong></span> <span class='ocrx_word' id='word_1_52' title='bbox 1008 1038 1131 1109; x_wconf 85' lang='lat' dir='ltr'><strong>statim</strong></span> <span class='ocrx_word' id='word_1_53' title='bbox 1144 1047 1285 1109; x_wconf 88' lang='lat' dir='ltr'><strong>constat</strong></span> <span class='ocrx_word' id='word_1_54' title='bbox 1295 1059 1458 1133; x_wconf 83' lang='lat' dir='ltr'><strong>propor-</strong></span> 
     </span>
     <span class='ocr_line' id='line_1_9' title="bbox 402 1149 1456 1248; baseline 0.003 -25"><span class='ocrx_word' id='word_1_55' title='bbox 402 1149 536 1224; x_wconf 81' lang='lat' dir='ltr'><strong>tionem</strong></span> <span class='ocrx_word' id='word_1_56' title='bbox 556 1154 666 1237; x_wconf 88' lang='lat' dir='ltr'><strong>illam,</strong></span> <span class='ocrx_word' id='word_1_57' title='bbox 683 1177 764 1247; x_wconf 86' lang='lat' dir='ltr'><strong>quae</strong></span> <span class='ocrx_word' id='word_1_58' title='bbox 786 1154 824 1223; x_wconf 94' lang='lat' dir='ltr'><strong>in</strong></span> <span class='ocrx_word' id='word_1_59' title='bbox 850 1153 1146 1245; x_wconf 74' lang='lat' dir='ltr'><strong>praestantissimo</strong></span> <span class='ocrx_word' id='word_1_60' title='bbox 1170 1176 1312 1248; x_wconf 92' lang='lat' dir='ltr'><strong>quoque</strong></span> <span class='ocrx_word' id='word_1_61' title='bbox 1337 1155 1456 1226; x_wconf 88' lang='lat' dir='ltr'><strong>locum</strong></span> 
     </span>
     <span class='ocr_line' id='line_1_10' title="bbox 402 1268 1458 1365; baseline 0.001 -24"><span class='ocrx_word' id='word_1_62' title='bbox 402 1271 522 1341; x_wconf 88' lang='lat' dir='ltr'><strong>habet.</strong></span> <span class='ocrx_word' id='word_1_63' title='bbox 573 1270 685 1364; x_wconf 88' lang='lat' dir='ltr'><strong>Cujus</strong></span> <span class='ocrx_word' id='word_1_64' title='bbox 709 1268 850 1365; x_wconf 89' lang='lat' dir='ltr'><strong>generis</strong></span> <span class='ocrx_word' id='word_1_65' title='bbox 874 1271 1059 1362; x_wconf 89' lang='lat' dir='ltr'><strong>complura</strong></span> <span class='ocrx_word' id='word_1_66' title='bbox 1076 1271 1202 1342; x_wconf 85' lang='lat' dir='ltr'><strong>velex</strong></span> <span class='ocrx_word' id='word_1_67' title='bbox 1219 1269 1373 1365; x_wconf 83' lang='lat' dir='ltr'><strong>Virgilio</strong></span> <span class='ocrx_word' id='word_1_68' title='bbox 1395 1271 1458 1342; x_wconf 86' lang='lat' dir='ltr'><strong>ad-</strong></span> 
     </span>
     <span class='ocr_line' id='line_1_11' title="bbox 401 1385 1456 1479; baseline 0.002 -23"><span class='ocrx_word' id='word_1_69' title='bbox 401 1385 489 1457; x_wconf 85' lang='lat' dir='ltr'><strong>ferri</strong></span> <span class='ocrx_word' id='word_1_70' title='bbox 509 1397 665 1479; x_wconf 77' lang='lat' dir='ltr'><strong>possent,</strong></span> <span class='ocrx_word' id='word_1_71' title='bbox 682 1408 764 1479; x_wconf 76' lang='lat' dir='ltr'><strong>quae</strong></span> <span class='ocrx_word' id='word_1_72' title='bbox 789 1385 942 1458; x_wconf 91' lang='lat' dir='ltr'><strong>similem</strong></span> <span class='ocrx_word' id='word_1_73' title='bbox 967 1387 1013 1456; x_wconf 93' lang='lat' dir='ltr'><strong>ob</strong></span> <span class='ocrx_word' id='word_1_74' title='bbox 1035 1409 1190 1469; x_wconf 87' lang='lat' dir='ltr'><strong>cansam,</strong></span> <span class='ocrx_word' id='word_1_75' title='bbox 1207 1409 1280 1457; x_wconf 92' lang='lat' dir='ltr'><strong>non</strong></span> <span class='ocrx_word' id='word_1_76' title='bbox 1298 1409 1456 1479; x_wconf 84' lang='lat' dir='ltr'><strong>peccare,</strong></span> 
     </span>
     <span class='ocr_line' id='line_1_12' title="bbox 394 1500 1456 1594; baseline 0.003 -22"><span class='ocrx_word' id='word_1_77' title='bbox 394 1502 467 1572; x_wconf 83' lang='lat' dir='ltr'><strong>sed</strong></span> <span class='ocrx_word' id='word_1_78' title='bbox 489 1503 649 1594; x_wconf 86' lang='lat' dir='ltr'><strong>perfecto</strong></span> <span class='ocrx_word' id='word_1_79' title='bbox 673 1501 838 1572; x_wconf 84' lang='lat' dir='ltr'><strong>excidere</strong></span> <span class='ocrx_word' id='word_1_80' title='bbox 863 1500 972 1575; x_wconf 89' lang='lat' dir='ltr'><strong>dicas.</strong></span> <span class='ocrx_word' id='word_1_81' title='bbox 1024 1501 1148 1573; x_wconf 86' lang='lat' dir='ltr'><strong>Etiam</strong></span> <span class='ocrx_word' id='word_1_82' title='bbox 1176 1503 1456 1594; x_wconf 87' lang='lat' dir='ltr'><strong>pulcherrimum</strong></span> 
     </span>
     <span class='ocr_line' id='line_1_13' title="bbox 403 1615 495 1686; baseline 0 0"><span class='ocrx_word' id='word_1_83' title='bbox 403 1615 495 1686; x_wconf 92' lang='lat' dir='ltr'><strong>illud</strong></span> 
     </span>
    </p>

    <p class='ocr_par' dir='ltr' id='par_1_5' title="bbox 403 1733 1456 2060">
     <span class='ocr_line' id='line_1_14' title="bbox 490 1733 1300 1824; baseline 0.002 -24"><span class='ocrx_word' id='word_1_84' title='bbox 490 1733 600 1814; x_wconf 85' lang='lat' dir='ltr'><strong>Qualis</strong></span> <span class='ocrx_word' id='word_1_85' title='bbox 613 1736 752 1824; x_wconf 84' lang='lat' dir='ltr'><strong>populea</strong></span> <span class='ocrx_word' id='word_1_86' title='bbox 765 1757 897 1802; x_wconf 83' lang='lat' dir='ltr'><strong>moerens</strong></span> <span class='ocrx_word' id='word_1_87' title='bbox 913 1734 1088 1802; x_wconf 85' lang='lat' dir='ltr'><strong>Philomela</strong></span> <span class='ocrx_word' id='word_1_88' title='bbox 1102 1735 1162 1800; x_wconf 90' lang='lat' dir='ltr'><strong>sub</strong></span> <span class='ocrx_word' id='word_1_89' title='bbox 1177 1737 1300 1816; x_wconf 88' lang='lat' dir='ltr'><strong>umbra,</strong></span> 
     </span>
     <span class='ocr_line' id='line_1_15' title="bbox 403 1845 1456 1940; baseline 0.004 -22"><span class='ocrx_word' id='word_1_90' title='bbox 403 1871 476 1920; x_wconf 92' lang='lat' dir='ltr'><strong>non</strong></span> <span class='ocrx_word' id='word_1_91' title='bbox 509 1847 656 1919; x_wconf 93' lang='lat' dir='ltr'><strong>omnino</strong></span> <span class='ocrx_word' id='word_1_92' title='bbox 688 1850 806 1940; x_wconf 85' lang='lat' dir='ltr'><strong>placet</strong></span> <span class='ocrx_word' id='word_1_93' title='bbox 839 1850 886 1919; x_wconf 86' lang='lat' dir='ltr'><strong>ad</strong></span> <span class='ocrx_word' id='word_1_94' title='bbox 919 1845 1095 1920; x_wconf 82' lang='lat' dir='ltr'><strong>maritum</strong></span> <span class='ocrx_word' id='word_1_95' title='bbox 1135 1849 1456 1936; x_wconf 90' lang='lat' dir='ltr'><strong>accommodatum,</strong></span> 
     </span>
     <span class='ocr_line' id='line_1_16' title="bbox 403 1963 912 2060; baseline -0.006 -24"><span class='ocrx_word' id='word_1_96' title='bbox 403 1963 534 2036; x_wconf 89' lang='lat' dir='ltr'><strong>amissa</strong></span> <span class='ocrx_word' id='word_1_97' title='bbox 551 1965 703 2060; x_wconf 87' lang='lat' dir='ltr'><strong>conjuge</strong></span> <span class='ocrx_word' id='word_1_98' title='bbox 720 1965 912 2035; x_wconf 90' lang='lat' dir='ltr'><strong>dolentem.</strong></span> 
     </span>
    </p>

    <p class='ocr_par' dir='ltr' id='par_1_6' title="bbox 395 2078 1481 3453">
     <span class='ocr_line' id='line_1_17' title="bbox 453 2078 1456 2174; baseline 0.003 -25"><span class='ocrx_word' id='word_1_99' title='bbox 453 2078 643 2172; x_wconf 86' lang='lat' dir='ltr'><strong>Nusquam</strong></span> <span class='ocrx_word' id='word_1_100' title='bbox 660 2088 781 2151; x_wconf 87' lang='lat' dir='ltr'><strong>tamen</strong></span> <span class='ocrx_word' id='word_1_101' title='bbox 797 2078 993 2174; x_wconf 81' lang='lat' dir='ltr'><strong>Virgilium</strong></span> <span class='ocrx_word' id='word_1_102' title='bbox 1014 2079 1239 2152; x_wconf 87' lang='lat' dir='ltr'><strong>committere</strong></span> <span class='ocrx_word' id='word_1_103' title='bbox 1261 2079 1398 2171; x_wconf 91' lang='lat' dir='ltr'><strong>opinor,</strong></span> <span class='ocrx_word' id='word_1_104' title='bbox 1414 2091 1456 2152; x_wconf 93' lang='lat' dir='ltr'><strong>ut</strong></span> 
     </span>
     <span class='ocr_line' id='line_1_18' title="bbox 401 2193 1457 2290; baseline -0.001 -24"><span class='ocrx_word' id='word_1_105' title='bbox 401 2195 604 2290; x_wconf 87' lang='lat' dir='ltr'><strong>pugnantia</strong></span> <span class='ocrx_word' id='word_1_106' title='bbox 619 2194 714 2268; x_wconf 92' lang='lat' dir='ltr'><strong>inter</strong></span> <span class='ocrx_word' id='word_1_107' title='bbox 729 2219 768 2268; x_wconf 89' lang='lat' dir='ltr'><strong>se</strong></span> <span class='ocrx_word' id='word_1_108' title='bbox 780 2194 934 2268; x_wconf 92' lang='lat' dir='ltr'><strong>conferri</strong></span> <span class='ocrx_word' id='word_1_109' title='bbox 944 2195 1155 2267; x_wconf 83' lang='lat' dir='ltr'><strong>videantur:</strong></span> <span class='ocrx_word' id='word_1_110' title='bbox 1174 2218 1216 2266; x_wconf 86' lang='lat' dir='ltr'><strong>ea</strong></span> <span class='ocrx_word' id='word_1_111' title='bbox 1229 2193 1364 2266; x_wconf 89' lang='lat' dir='ltr'><strong>scilicet</strong></span> <span class='ocrx_word' id='word_1_112' title='bbox 1371 2196 1457 2290; x_wconf 90' lang='lat' dir='ltr'><strong>jun-</strong></span> 
     </span>
     <span class='ocr_line' id='line_1_19' title="bbox 395 2309 1454 2407; baseline -0.001 -25"><span class='ocrx_word' id='word_1_113' title='bbox 395 2311 532 2406; x_wconf 81' lang='lat' dir='ltr'><strong>gendo,</strong></span> <span class='ocrx_word' id='word_1_114' title='bbox 548 2312 678 2407; x_wconf 88' lang='lat' dir='ltr'><strong>quibus</strong></span> <span class='ocrx_word' id='word_1_115' title='bbox 694 2311 832 2384; x_wconf 83' lang='lat' dir='ltr'><strong>dissidii</strong></span> <span class='ocrx_word' id='word_1_116' title='bbox 848 2311 1016 2405; x_wconf 88' lang='lat' dir='ltr'><strong>quaedam</strong></span> <span class='ocrx_word' id='word_1_117' title='bbox 1032 2323 1119 2382; x_wconf 84' lang='lat' dir='ltr'><strong>nota</strong></span> <span class='ocrx_word' id='word_1_118' title='bbox 1136 2310 1325 2382; x_wconf 81' lang='lat' dir='ltr'><strong>manifesto</strong></span> <span class='ocrx_word' id='word_1_119' title='bbox 1345 2309 1454 2382; x_wconf 86' lang='lat' dir='ltr'><strong>insit:</strong></span> 
     </span>
     <span class='ocr_line' id='line_1_20' title="bbox 402 2426 1455 2524; baseline -0.002 -24"><span class='ocrx_word' id='word_1_120' title='bbox 402 2427 523 2521; x_wconf 84' lang='lat' dir='ltr'><strong>qualia</strong></span> <span class='ocrx_word' id='word_1_121' title='bbox 555 2451 631 2500; x_wconf 87' lang='lat' dir='ltr'><strong>esse</strong></span> <span class='ocrx_word' id='word_1_122' title='bbox 667 2427 816 2500; x_wconf 91' lang='lat' dir='ltr'><strong>Homeri</strong></span> <span class='ocrx_word' id='word_1_123' title='bbox 850 2429 1022 2498; x_wconf 89' lang='lat' dir='ltr'><strong>nonnulla</strong></span> <span class='ocrx_word' id='word_1_124' title='bbox 1055 2427 1179 2524; x_wconf 87' lang='lat' dir='ltr'><strong>negari</strong></span> <span class='ocrx_word' id='word_1_125' title='bbox 1208 2426 1344 2520; x_wconf 90' lang='lat' dir='ltr'><strong>nequit.</strong></span> <span class='ocrx_word' id='word_1_126' title='bbox 1396 2426 1455 2498; x_wconf 89' lang='lat' dir='ltr'><strong>Sic</strong></span> 
     </span>
     <span class='ocr_line' id='line_1_21' title="bbox 402 2542 1456 2638; baseline 0.001 -25"><span class='ocrx_word' id='word_1_127' title='bbox 402 2542 498 2614; x_wconf 89' lang='lat' dir='ltr'><strong>enim</strong></span> <span class='ocrx_word' id='word_1_128' title='bbox 512 2544 693 2616; x_wconf 88' lang='lat' dir='ltr'><strong>Achillem</strong></span> <span class='ocrx_word' id='word_1_129' title='bbox 707 2545 867 2616; x_wconf 90' lang='lat' dir='ltr'><strong>Hectora</strong></span> <span class='ocrx_word' id='word_1_130' title='bbox 877 2543 1126 2637; x_wconf 87' lang='lat' dir='ltr'><strong>insequentem</strong></span> <span class='ocrx_word' id='word_1_131' title='bbox 1143 2566 1207 2635; x_wconf 94' lang='lat' dir='ltr'><strong>per</strong></span> <span class='ocrx_word' id='word_1_132' title='bbox 1223 2549 1359 2638; x_wconf 83' lang='lat' dir='ltr'><strong>operta</strong></span> <span class='ocrx_word' id='word_1_133' title='bbox 1371 2551 1456 2614; x_wconf 88' lang='lat' dir='ltr'><strong>ante</strong></span> 
     </span>
     <span class='ocr_line' id='line_1_22' title="bbox 403 2659 1456 2757; baseline -0.001 -27"><span class='ocrx_word' id='word_1_134' title='bbox 403 2659 551 2756; x_wconf 78' lang='lat' dir='ltr'><strong>&#39;frojam</strong></span> <span class='ocrx_word' id='word_1_135' title='bbox 569 2661 688 2757; x_wconf 84' lang='lat' dir='ltr'><strong>spatia</strong></span> <span class='ocrx_word' id='word_1_136' title='bbox 700 2661 892 2734; x_wconf 87' lang='lat' dir='ltr'><strong>infeliciter</strong></span> <span class='ocrx_word' id='word_1_137' title='bbox 914 2683 1057 2754; x_wconf 90' lang='lat' dir='ltr'><strong>prorsus</strong></span> <span class='ocrx_word' id='word_1_138' title='bbox 1079 2660 1161 2732; x_wconf 85' lang='lat' dir='ltr'><strong>cani</strong></span> <span class='ocrx_word' id='word_1_139' title='bbox 1180 2669 1375 2753; x_wconf 87' lang='lat' dir='ltr'><strong>comparat,</strong></span> <span class='ocrx_word' id='word_1_140' title='bbox 1392 2682 1456 2752; x_wconf 90' lang='lat' dir='ltr'><strong>per</strong></span> 
     </span>
     <span class='ocr_line' id='line_1_23' title="bbox 400 2772 1454 2871; baseline -0.002 -24"><span class='ocrx_word' id='word_1_141' title='bbox 400 2772 517 2849; x_wconf 82' lang='lat' dir='ltr'><strong>sileas</strong></span> <span class='ocrx_word' id='word_1_142' title='bbox 533 2785 571 2849; x_wconf 83' lang='lat' dir='ltr'><strong>et</strong></span> <span class='ocrx_word' id='word_1_143' title='bbox 584 2774 734 2851; x_wconf 83' lang='lat' dir='ltr'><strong>dumeta</strong></span> <span class='ocrx_word' id='word_1_144' title='bbox 756 2777 968 2849; x_wconf 90' lang='lat' dir='ltr'><strong>hinnuleum</strong></span> <span class='ocrx_word' id='word_1_145' title='bbox 985 2775 1142 2849; x_wconf 87' lang='lat' dir='ltr'><strong>venanti.</strong></span> <span class='ocrx_word' id='word_1_146' title='bbox 1193 2776 1323 2871; x_wconf 88' lang='lat' dir='ltr'><strong>Neque</strong></span> <span class='ocrx_word' id='word_1_147' title='bbox 1348 2776 1454 2869; x_wconf 92' lang='lat' dir='ltr'><strong>culpa</strong></span> 
     </span>
     <span class='ocr_line' id='line_1_24' title="bbox 403 2890 1454 2987; baseline 0 -25"><span class='ocrx_word' id='word_1_148' title='bbox 403 2893 471 2962; x_wconf 84' lang='lat' dir='ltr'><strong>hac</strong></span> <span class='ocrx_word' id='word_1_149' title='bbox 494 2904 625 2964; x_wconf 87' lang='lat' dir='ltr'><strong>vacant</strong></span> <span class='ocrx_word' id='word_1_150' title='bbox 645 2917 728 2987; x_wconf 85' lang='lat' dir='ltr'><strong>quae</strong></span> <span class='ocrx_word' id='word_1_151' title='bbox 752 2895 799 2965; x_wconf 90' lang='lat' dir='ltr'><strong>de</strong></span> <span class='ocrx_word' id='word_1_152' title='bbox 823 2895 930 2987; x_wconf 89' lang='lat' dir='ltr'><strong>ignea</strong></span> <span class='ocrx_word' id='word_1_153' title='bbox 955 2894 1107 2964; x_wconf 90' lang='lat' dir='ltr'><strong>Achillis</strong></span> <span class='ocrx_word' id='word_1_154' title='bbox 1133 2893 1241 2964; x_wconf 89' lang='lat' dir='ltr'><strong>erista</strong></span> <span class='ocrx_word' id='word_1_155' title='bbox 1266 2890 1454 2987; x_wconf 87' lang='lat' dir='ltr'><strong>magnifice</strong></span> 
     </span>
     <span class='ocr_line' id='line_1_25' title="bbox 402 3007 1453 3099; baseline 0.001 -21"><span class='ocrx_word' id='word_1_156' title='bbox 402 3007 489 3079; x_wconf 91' lang='lat' dir='ltr'><strong>satis</strong></span> <span class='ocrx_word' id='word_1_157' title='bbox 517 3008 632 3090; x_wconf 85' lang='lat' dir='ltr'><strong>effert,</strong></span> <span class='ocrx_word' id='word_1_158' title='bbox 659 3008 809 3079; x_wconf 87' lang='lat' dir='ltr'><strong>terribili</strong></span> <span class='ocrx_word' id='word_1_159' title='bbox 838 3030 968 3099; x_wconf 90' lang='lat' dir='ltr'><strong>nempe</strong></span> <span class='ocrx_word' id='word_1_160' title='bbox 996 3016 1035 3078; x_wconf 95' lang='lat' dir='ltr'><strong>et</strong></span> <span class='ocrx_word' id='word_1_161' title='bbox 1059 3007 1201 3079; x_wconf 86' lang='lat' dir='ltr'><strong>letifero</strong></span> <span class='ocrx_word' id='word_1_162' title='bbox 1228 3007 1453 3079; x_wconf 88' lang='lat' dir='ltr'><strong>intuentibus</strong></span> 
     </span>
     <span class='ocr_line' id='line_1_26' title="bbox 401 3120 1481 3220; baseline -0.001 -26"><span class='ocrx_word' id='word_1_163' title='bbox 401 3121 515 3220; x_wconf 89' lang='lat' dir='ltr'><strong>signo,</strong></span> <span class='ocrx_word' id='word_1_164' title='bbox 533 3146 641 3217; x_wconf 92' lang='lat' dir='ltr'><strong>quam</strong></span> <span class='ocrx_word' id='word_1_165' title='bbox 659 3132 779 3195; x_wconf 86' lang='lat' dir='ltr'><strong>tamen</strong></span> <span class='ocrx_word' id='word_1_166' title='bbox 797 3123 900 3218; x_wconf 89' lang='lat' dir='ltr'><strong>ignes</strong></span> <span class='ocrx_word' id='word_1_167' title='bbox 916 3122 995 3193; x_wconf 90' lang='lat' dir='ltr'><strong>illos</strong></span> <span class='ocrx_word' id='word_1_168' title='bbox 1011 3123 1144 3194; x_wconf 88' lang='lat' dir='ltr'><strong>referre</strong></span> <span class='ocrx_word' id='word_1_169' title='bbox 1159 3120 1222 3206; x_wconf 90' lang='lat' dir='ltr'><strong>ait,</strong></span> <span class='ocrx_word' id='word_1_170' title='bbox 1240 3123 1285 3194; x_wconf 90' lang='lat' dir='ltr'><strong>ab</strong></span> <span class='ocrx_word' id='word_1_171' title='bbox 1301 3122 1455 3193; x_wconf 88' lang='lat' dir='ltr'><strong>homini·</strong></span> <span class='ocrx_word' id='word_1_172' title='bbox 1479 3171 1481 3177; x_wconf 91' lang='lat'>-</span> 
     </span>
     <span class='ocr_line' id='line_1_27' title="bbox 401 3238 1453 3333; baseline -0.001 -21"><span class='ocrx_word' id='word_1_173' title='bbox 401 3242 467 3312; x_wconf 87' lang='lat' dir='ltr'><strong>bus</strong></span> <span class='ocrx_word' id='word_1_174' title='bbox 492 3241 585 3313; x_wconf 89' lang='lat' dir='ltr'><strong>bello</strong></span> <span class='ocrx_word' id='word_1_175' title='bbox 609 3239 785 3333; x_wconf 89' lang='lat' dir='ltr'><strong>oppressis</strong></span> <span class='ocrx_word' id='word_1_176' title='bbox 807 3238 953 3310; x_wconf 85' lang='lat' dir='ltr'><strong>accendi</strong></span> <span class='ocrx_word' id='word_1_177' title='bbox 976 3238 1108 3322; x_wconf 88' lang='lat' dir='ltr'><strong>solitos,</strong></span> <span class='ocrx_word' id='word_1_178' title='bbox 1125 3248 1168 3311; x_wconf 93' lang='lat' dir='ltr'><strong>ut</strong></span> <span class='ocrx_word' id='word_1_179' title='bbox 1184 3239 1230 3310; x_wconf 92' lang='lat' dir='ltr'><strong>de</strong></span> <span class='ocrx_word' id='word_1_180' title='bbox 1253 3261 1373 3310; x_wconf 88' lang='lat' dir='ltr'><strong>rerum</strong></span> <span class='ocrx_word' id='word_1_181' title='bbox 1389 3263 1453 3311; x_wconf 87' lang='lat' dir='ltr'><strong>an·</strong></span> 
     </span>
     <span class='ocr_line' id='line_1_28' title="bbox 400 3352 1351 3453; baseline -0.004 -24"><span class='ocrx_word' id='word_1_182' title='bbox 400 3356 529 3453; x_wconf 78' lang='lat' dir='ltr'><strong>&#39;gustiis</strong></span> <span class='ocrx_word' id='word_1_183' title='bbox 545 3378 627 3429; x_wconf 89' lang='lat' dir='ltr'><strong>suos</strong></span> <span class='ocrx_word' id='word_1_184' title='bbox 642 3356 810 3427; x_wconf 88' lang='lat' dir='ltr'><strong>certiores</strong></span> <span class='ocrx_word' id='word_1_185' title='bbox 825 3354 960 3427; x_wconf 87' lang='lat' dir='ltr'><strong>faciant</strong></span> <span class='ocrx_word' id='word_1_186' title='bbox 973 3364 1011 3426; x_wconf 90' lang='lat' dir='ltr'><strong>et</strong></span> <span class='ocrx_word' id='word_1_187' title='bbox 1027 3354 1202 3426; x_wconf 86' lang='lat' dir='ltr'><strong>auxilium</strong></span> <span class='ocrx_word' id='word_1_188' title='bbox 1219 3365 1322 3427; x_wconf 90' lang='lat' dir='ltr'><strong>orent</strong></span> <span class='ocrx_word' id='word_1_189' title='bbox 1332 3352 1351 3425; x_wconf 76' lang='lat' dir='ltr'><strong>s.</strong></span> 
     </span>
    </p>

    <p class='ocr_par' dir='ltr' id='par_1_7' title="bbox 400 3471 1453 3916">
     <span class='ocr_line' id='line_1_29' title="bbox 452 3471 1451 3568; baseline 0 -25"><span class='ocrx_word' id='word_1_190' title='bbox 452 3473 594 3545; x_wconf 86' lang='lat' dir='ltr'><strong>Pariter</strong></span> <span class='ocrx_word' id='word_1_191' title='bbox 609 3494 686 3544; x_wconf 88' lang='lat' dir='ltr'><strong>esse</strong></span> <span class='ocrx_word' id='word_1_192' title='bbox 701 3475 748 3544; x_wconf 92' lang='lat' dir='ltr'><strong>ab</strong></span> <span class='ocrx_word' id='word_1_193' title='bbox 762 3472 923 3544; x_wconf 90' lang='lat' dir='ltr'><strong>Homero</strong></span> <span class='ocrx_word' id='word_1_194' title='bbox 935 3472 1105 3545; x_wconf 87' lang='lat' dir='ltr'><strong>delictum</strong></span> <span class='ocrx_word' id='word_1_195' title='bbox 1119 3474 1198 3543; x_wconf 89' lang='lat' dir='ltr'><strong>vult</strong></span> <span class='ocrx_word' id='word_1_196' title='bbox 1210 3472 1369 3568; x_wconf 85' lang='lat' dir='ltr'><strong>Scaliger</strong></span> <span class='ocrx_word' id='word_1_197' title='bbox 1379 3471 1451 3555; x_wconf 89' lang='lat' dir='ltr'><strong>ille,</strong></span> 
     </span>
     <span class='ocr_line' id='line_1_30' title="bbox 401 3588 1453 3682; baseline 0 -23"><span class='ocrx_word' id='word_1_198' title='bbox 401 3588 546 3682; x_wconf 87' lang='lat' dir='ltr'><strong>iniquus</strong></span> <span class='ocrx_word' id='word_1_199' title='bbox 572 3612 658 3661; x_wconf 89' lang='lat' dir='ltr'><strong>sane</strong></span> <span class='ocrx_word' id='word_1_200' title='bbox 688 3588 807 3660; x_wconf 84' lang='lat' dir='ltr'><strong>Graeci</strong></span> <span class='ocrx_word' id='word_1_201' title='bbox 831 3588 986 3661; x_wconf 89' lang='lat' dir='ltr'><strong>nominis</strong></span> <span class='ocrx_word' id='word_1_202' title='bbox 1010 3589 1214 3673; x_wconf 87' lang='lat' dir='ltr'><strong>insectator,</strong></span> <span class='ocrx_word' id='word_1_203' title='bbox 1234 3589 1297 3660; x_wconf 89' lang='lat' dir='ltr'><strong>ubi</strong></span> <span class='ocrx_word' id='word_1_204' title='bbox 1315 3590 1453 3661; x_wconf 89' lang='lat' dir='ltr'><strong>Hector</strong></span> 
     </span>
     <span class='ocr_line' id='line_1_31' title="bbox 401 3705 1451 3799; baseline 0 -24"><span class='ocrx_word' id='word_1_205' title='bbox 401 3718 576 3799; x_wconf 89' lang='lat' dir='ltr'><strong>tanquam</strong></span> <span class='ocrx_word' id='word_1_206' title='bbox 591 3706 723 3777; x_wconf 88' lang='lat' dir='ltr'><strong>fluetus</strong></span> <span class='ocrx_word' id='word_1_207' title='bbox 739 3706 777 3775; x_wconf 92' lang='lat' dir='ltr'><strong>in</strong></span> <span class='ocrx_word' id='word_1_208' title='bbox 795 3706 940 3777; x_wconf 86' lang='lat' dir='ltr'><strong>Graecos</strong></span> <span class='ocrx_word' id='word_1_209' title='bbox 957 3706 1097 3778; x_wconf 90' lang='lat' dir='ltr'><strong>ordines</strong></span> <span class='ocrx_word' id='word_1_210' title='bbox 1116 3705 1285 3799; x_wconf 88' lang='lat' dir='ltr'><strong>irrupisse</strong></span> <span class='ocrx_word' id='word_1_211' title='bbox 1308 3706 1451 3789; x_wconf 91' lang='lat' dir='ltr'><strong>dicitur,</strong></span> 
     </span>
     <span class='ocr_line' id='line_1_32' title="bbox 400 3822 1449 3916; baseline 0.002 -25"><span class='ocrx_word' id='word_1_212' title='bbox 400 3822 465 3916; x_wconf 92' lang='lat' dir='ltr'><strong>qui</strong></span> <span class='ocrx_word' id='word_1_213' title='bbox 494 3822 569 3906; x_wconf 91' lang='lat' dir='ltr'><strong>diu,</strong></span> <span class='ocrx_word' id='word_1_214' title='bbox 593 3824 694 3894; x_wconf 91' lang='lat' dir='ltr'><strong>velut</strong></span> <span class='ocrx_word' id='word_1_215' title='bbox 722 3824 887 3915; x_wconf 90' lang='lat' dir='ltr'><strong>scopulus</strong></span> <span class='ocrx_word' id='word_1_216' title='bbox 913 3823 1020 3895; x_wconf 89' lang='lat' dir='ltr'><strong>undis</strong></span> <span class='ocrx_word' id='word_1_217' title='bbox 1048 3822 1229 3905; x_wconf 90' lang='lat' dir='ltr'><strong>immotus,</strong></span> <span class='ocrx_word' id='word_1_218' title='bbox 1255 3831 1449 3893; x_wconf 89' lang='lat' dir='ltr'><strong>steterant:</strong></span> 
     </span>
    </p>
   </div>
   <div class='ocr_carea' id='block_1_4' title="bbox 443 3966 1367 4143">
    <p class='ocr_par' dir='ltr' id='par_1_8' title="bbox 443 3966 1367 4143">
     <span class='ocr_line' id='line_1_33' title="bbox 443 3966 1367 4046; baseline -0.002 -18"><span class='ocrx_word' id='word_1_219' title='bbox 443 3970 505 4029; x_wconf 79' lang='lat'>¹³11.</span> <span class='ocrx_word' id='word_1_220' title='bbox 519 3978 555 4028; x_wconf 84' lang='lat' dir='ltr'><strong>N.</strong></span> <span class='ocrx_word' id='word_1_221' title='bbox 570 3986 638 4046; x_wconf 83' lang='lat'><strong>590.</strong></span> <span class='ocrx_word' id='word_1_222' title='bbox 815 3968 1013 4045; x_wconf 72' lang='lat' dir='ltr'><strong>⁶11.n.317.</strong></span> <span class='ocrx_word' id='word_1_223' title='bbox 1176 3966 1189 4005; x_wconf 79' lang='lat'><strong>‘¹</strong></span> <span class='ocrx_word' id='word_1_224' title='bbox 1204 3967 1238 4024; x_wconf 91' lang='lat' dir='ltr'><strong>ll.</strong></span> <span class='ocrx_word' id='word_1_225' title='bbox 1254 3974 1282 4023; x_wconf 85' lang='lat' dir='ltr'><strong>P.</strong></span> <span class='ocrx_word' id='word_1_226' title='bbox 1299 3981 1367 4041; x_wconf 85' lang='lat'>751.</span> 
     </span>
     <span class='ocr_line' id='line_1_34' title="bbox 443 4064 989 4143; baseline -0.004 -19"><span class='ocrx_word' id='word_1_227' title='bbox 443 4067 503 4126; x_wconf 78' lang='lat' dir='ltr'><strong>ell.</strong></span> <span class='ocrx_word' id='word_1_228' title='bbox 518 4077 550 4125; x_wconf 81' lang='lat' dir='ltr'><strong>n.</strong></span> <span class='ocrx_word' id='word_1_229' title='bbox 567 4082 636 4143; x_wconf 80' lang='lat'><strong>557.</strong></span> <span class='ocrx_word' id='word_1_230' title='bbox 801 4064 858 4123; x_wconf 62' lang='lat'><strong>111.</strong></span> <span class='ocrx_word' id='word_1_231' title='bbox 873 4074 904 4123; x_wconf 80' lang='grc' dir='ltr'><strong>Σ.</strong></span> <span class='ocrx_word' id='word_1_232' title='bbox 921 4081 989 4141; x_wconf 77' lang='lat'><strong>²07·</strong></span> 
     </span>
    </p>
   </div>
   <div class='ocr_carea' id='block_1_5' title="bbox 869 4167 979 4256">
    <p class='ocr_par' dir='ltr' id='par_1_9' title="bbox 869 4167 979 4256">
     <span class='ocr_line' id='line_1_35' title="bbox 869 4167 979 4256; baseline 0 -26"><span class='ocrx_word' id='word_1_233' title='bbox 869 4167 979 4256; x_wconf 73' lang='lat' dir='ltr'><strong>ogd</strong></span> 
     </span>
    </p>
   </div>
   <div class='ocr_carea' id='block_1_6' title="bbox 0 0 1784 5575">
    <p class='ocr_par' dir='ltr' id='par_1_10' title="bbox 0 0 1784 5575">
     <span class='ocr_line' id='line_1_36' title="bbox 0 0 1784 5575; baseline 0 2"><span class='ocrx_word' id='word_1_234' title='bbox 0 0 1784 5575; x_wconf 95' lang='lat' dir='ltr'><strong> </strong></span> 
     </span>
    </p>
   </div>
  </div>
 </body>
</html>
