3559 5575
491 515 538 582 66
844 511 986 578 >PARS
1008 509 1169 577 PRIMA
1376 509 1493 575 Puer.
1507 511 1551 578 V.

488 689 724 763 enucleanda.
774 686 882 770 Quod
897 709 984 758 vero
1000 685 1171 761 audacius
1186 684 1339 756 fortasse
1360 695 1469 778 atque
1494 685 1553 757 in·

491 804 665 877 solentius
678 802 814 873 dictum
829 800 1021 884 videbitur,
1031 800 1173 872 dicetur
1184 798 1425 892 tamen-*ipsi
1437 800 1551 871 etiam

495 921 667 1001 Homero,
680 939 886 1012 quanquam
902 916 1031 988 intima
1048 916 1083 987 ei
1099 917 1273 1008 petebant
1284 926 1426 986 naturae
1441 939 1552 1008 pene-

495 1035 611 1119 tralia,
628 1044 667 1105 et
689 1033 810 1104 omnia
833 1033 915 1103 coeli
941 1043 1119 1125 terraeque
1148 1031 1266 1124 spatia
1287 1032 1432 1103 videtur
1455 1056 1551 1103 unus

495 1149 695 1243 complecti,
722 1159 843 1220 tamen
873 1158 989 1219 artem
1019 1150 1113 1218 hauc
1141 1159 1311 1219 externas
1339 1171 1395 1218 res
1424 1147 1552 1240 depin-

495 1267 605 1360 gendi
628 1267 674 1336 ab
698 1266 884 1336 affectibus
908 1274 946 1336 et
963 1263 1121 1334 moribus
1138 1265 1329 1358 sejunctas,
1346 1273 1411 1334 aut
1426 1263 1550 1335 deesse

496 1381 608 1454 ferme
620 1382 756 1475 judico,
769 1389 834 1453 aut
851 1381 896 1451 ab
913 1404 956 1451 eo
973 1378 1196 1471 contemptui
1213 1379 1348 1449 haberi.

547 1499 818 1570 Reclamautem
835 1497 873 1567 in
890 1498 960 1567 hac
975 1505 1079 1588 perte
1095 1517 1178 1566 cum
1195 1495 1452 1589 antiquitatem
1474 1517 1551 1566 om·

493 1637 592 1699 nem,
619 1624 697 1686 turn
732 1612 933 1706 praesertim
966 1610 1174 1683 Ciceronem
1205 1633 1264 1680 me
1292 1611 1423 1682 habere
1452 1610 1551 1696 novi,

495 1733 600 1824 'cujus
626 1739 710 1801 sunt
735 1729 795 1800 illa
821 1729 866 1799 de
892 1727 1015 1798 divino
1036 1736 1120 1798 vate
1141 1726 1361 1822 jampridem
1386 1726 1551 1814 recitate,

497 1857 521 1891 “
538 1849 630 1928 Quae
648 1844 781 1937 species
798 1867 841 1914 ac
858 1843 973 1914 forma
989 1866 1133 1938 puguae,
1150 1866 1233 1936 quae
1255 1843 1360 1927 acies,
1376 1843 1474 1936 quod
1495 1867 1551 1916 re·

495 1971 521 2012 1‘
539 1959 701 2054 migium,
718 1958 781 2052 qui
798 1969 917 2030 motus
933 1959 1132 2042 homiuum,
1149 1959 1213 2053 qui
1233 1959 1392 2032 ferarum
1407 1983 1479 2031 non
1497 1961 1553 2033 ita

466 2065 468 2077 ’
500 2088 521 2118 “
539 2076 704 2168 expictus
720 2085 787 2158 est,
804 2085 846 2146 ut
863 2098 945 2169 quae
967 2075 1045 2168 ipse
1060 2099 1133 2148 non
1151 2075 1295 2163 viderit,
1310 2101 1376 2149 uos
1391 2087 1435 2150 ut
1452 2077 1553 2150 vide·

504 2203 525 2232 ‘⁶
543 2215 663 2264 remus
679 2191 886 2264 effecerit?”
913 2191 1022 2263 Tusc.
1035 2215 1070 2260 v.
1088 2199 1148 2271 39.

495 2347 500 2356 ·
549 2306 701 2400 Aliquid
726 2329 773 2378 ex
800 2309 868 2378 hoc
892 2306 1071 2399 praeconio
1096 2307 1247 2378 oratoris
1269 2305 1416 2402 ingenio
1437 2308 1552 2380 tribu..

495 2424 633 2496 endum
649 2447 726 2494 esse
737 2425 813 2518 jam
833 2433 917 2494 ante
930 2422 1222 2494 dixi-nonnihil
1232 2423 1380 2515 insuper
1390 2423 1551 2496 dandum

500 2541 643 2614 videtur
665 2539 785 2612 aetatis
808 2540 912 2612 istius
936 2538 1094 2634 ingenio,
1109 2561 1193 2632 quae
1218 2549 1260 2612 ut
1277 2539 1430 2611 vixdum
1454 2540 1550 2612 hisee

498 2658 636 2730 artibus
653 2657 777 2728 llorere
794 2657 872 2749 ipsa
887 2665 1057 2747 coeperat,
1072 2653 1125 2725 ita
1140 2654 1178 2725 in
1200 2655 1475 2727 admirationem
1491 2679 1552 2726 ve.

495 2785 618 2845 terum
637 2771 750 2866 magis
770 2780 848 2842 erat
864 2794 1045 2843 conversa
1095 2770 1256 2864 Sumptis
1282 2781 1404 2844 autem
1430 2796 1552 2844 exem-

494 2888 568 2981 plis
585 2888 732 2979 aliquot,
750 2887 933 2958 videamus
950 2898 1074 2959 utrum
1093 2888 1308 2962 recentiores
1329 2912 1402 2961 uon
1419 2888 1552 2961 versati

496 3002 636 3075 luerint
653 3002 690 3072 in
716 3003 783 3074 hoc
808 3025 940 3096 genere
964 3002 1114 3088 felicius,
1131 3004 1162 3075 si
1181 3004 1328 3100 quidem
1350 3004 1390 3077 id
1412 3006 1551 3078 felicius

500 3116 705 3193 habendum
723 3128 788 3201 est,
804 3140 881 3189 rem
898 3118 952 3191 ite
967 3118 1040 3190 suis
1060 3119 1239 3214 adjunctis
1261 3119 1494 3216 distinguere,
1510 3130 1553 3193 ut

498 3254 581 3305 eam
599 3232 712 3329 magis
728 3233 765 3304 in
782 3237 971 3327 propatulo
986 3258 1109 3329 ponas.

501 3401 506 3411 .
553 3350 715 3422 Plurima
730 3361 815 3422 aunt
834 3352 985 3423 Homeri
1004 3353 1083 3423 loce
1103 3375 1187 3445 quae
1209 3352 1247 3422 in
1269 3375 1309 3423 re
1332 3353 1452 3424 navali
1473 3352 1553 3423 fuse

499 3468 714 3562 explicanda
738 3468 996 3551 immorantur;
1021 3470 1165 3563 quaudo
1181 3480 1246 3541 aut
1261 3470 1299 3540 in
1323 3494 1424 3541 mare
1441 3470 1553 3541 dedu·

501 3587 596 3659 citur
612 3587 724 3669 navis,
741 3598 806 3658 aut
822 3586 911 3658 velis
927 3586 1002 3657 sive
1017 3584 1167 3681 remigio
1184 3609 1248 3679 per
1267 3585 1399 3659 fluctus
1421 3586 1554 3681 agitur,

498 3712 567 3772 aut
584 3702 631 3773 ad
647 3708 779 3773 terram
798 3700 1009 3793 appellitur:
1026 3723 1047 3771 e
1064 3700 1193 3794 quibus
1210 3725 1294 3773 vero
1310 3702 1477 3774 omnibus
1490 3702 1554 3774 vix

499 3822 616 3889 unum
634 3825 698 3886 aut
716 3816 869 3886 alterum
891 3816 1065 3900 invenias,
1081 3818 1145 3911 qui
1165 3840 1243 3889 rem
1268 3818 1322 3889 ite
1343 3818 1495 3912 exponit
1510 3828 1554 3891 ut

499 3932 679 4025 picturam
698 3931 839 4017 efficiat,
857 3933 927 4003 uisi
943 3934 1102 4030 singulos
1122 3942 1242 4008 motus
1263 3946 1458 4030 gestusque
1477 3957 1556 4008 oot-

498 4047 599 4141 poris
616 4046 769 4121 fideliter
786 4072 828 4120 ac
844 4050 942 4121 nudo
958 4074 1120 4141 sermone
1136 4052 1281 4137 referre,
1292 4050 1333 4122 id
1344 4051 1490 4124 demum
1507 4050 1556 4124 sit

502 4163 674 4257 pictorem
693 4186 809 4259 agere.
860 4165 921 4237 Sic
939 4166 977 4237 in
993 4176 1124 4261 quarto
1140 4166 1335 4260 Odysseae:

517 4314 519 4321 ’
591 4300 671 4372 Νῆας
684 4297 735 4379 μὶν
750 4296 919 4383 πάμπρωτον
933 4299 1091 4385 ὶρῦσσαμεν
1107 4302 1144 4374 εἷς
1157 4297 1217 4363 ἅλα
1229 4302 1301 4380 δῖαν,

589 4405 641 4469 Ἐν
655 4402 677 4465 δ’
694 4404 785 4478 ἱστοὺς
798 4402 946 4487 τιθέμεσθα
962 4405 1010 4471 καὶ
1025 4406 1104 4469 ἱστία
1118 4404 1210 4483 νηυσὶν
1224 4405 1309 4491 ἐίσῃς·
