3559 5575
449 547 491 615 10
731 545 1022 616 PRAELECTIO
1045 548 1214 615 PRIMA.

496 717 604 808 Quod
621 745 706 795 vero
722 723 819 816 apud
835 727 1021 818 plerosque
1037 724 1075 794 in
1093 726 1162 795 hac
1178 724 1297 817 operia
1311 735 1416 818 parte
1430 745 1500 798 usu

444 851 628 933 receptum
647 840 764 926 video,
781 849 824 910 ut
839 840 944 912 Artis
960 863 1037 911 euae
1052 840 1198 911 brevem
1214 840 1398 934 quandam
1414 865 1501 912 con-

444 956 632 1028 cinnarent
645 957 900 1040 definitionem,
912 957 951 1028 id
964 979 1026 1028 rus
1043 979 1067 1027 a
1082 979 1141 1028 me
1155 956 1437 1050 praetermissum
1454 979 1501 1029 ec

444 1075 562 1146 minus
579 1084 789 1170 gravmuros
805 1072 985 1161 existimo,
1003 1073 1089 1168 quia
1104 1073 1242 1145 nemini
1261 1073 1352 1144 adeo
1371 1074 1498 1168 ignota

443 1213 519 1263 esse
529 1201 657 1285 potest,
668 1191 754 1285 quin
766 1183 922 1284 aliquam
933 1192 1012 1285 ejus
1020 1190 1215 1285 imaginem
1221 1189 1363 1284 jamdiu
1375 1199 1496 1261 mente

442 1307 656 1400 conceperit,
667 1307 697 1378 si
710 1330 780 1379 non
789 1309 928 1401 justam
941 1306 1087 1378 omnino
1100 1314 1138 1377 et
1146 1306 1216 1399 ipsi
1227 1305 1280 1376 rei
1292 1328 1404 1399 quarn
1413 1325 1498 1376 cona

442 1423 530 1517 cipit
546 1425 783 1518 adaquatum,
796 1434 835 1495 at
847 1445 931 1516 quae
947 1422 1032 1494 huic
1047 1431 1181 1493 nostrae
1198 1423 1326 1492 saltem
1343 1421 1495 1494 sufficiat

441 1541 650 1636 disciplinae,
667 1551 704 1614 et
722 1563 802 1634 quoe
819 1542 947 1636 jejuna
969 1539 1007 1611 in
1030 1561 1145 1635 genus
1169 1561 1212 1610 ac
1232 1538 1387 1631 speciem
1404 1539 1498 1610 divi·

441 1657 539 1730 sione
555 1659 619 1730 vix
634 1656 820 1730 emendari
836 1667 967 1750 posset.
1018 1655 1200 1749 Equidem
1219 1667 1261 1726 ut
1276 1655 1393 1726 dicam
1411 1679 1496 1728 vere

440 1774 536 1868 quod
553 1774 680 1859 sentio,
698 1773 921 1857 Academici,
936 1795 1009 1843 non
1027 1783 1083 1844 est
1099 1773 1179 1843 lraec
1194 1771 1349 1865 quaestio
1368 1771 1494 1843 similis

441 1887 682 1982 quaestionum
707 1889 861 1972 illarum,
878 1912 968 1982 quas
985 1888 1071 1960 olim
1087 1888 1125 1960 in
1143 1888 1272 1960 scholis
1289 1888 1495 1960 audivimus

440 2027 572 2102 magno
588 2027 674 2077 sane
690 2027 773 2076 cum
791 2004 944 2098 strepitu
961 2017 999 2077 et
1016 2006 1139 2078 subtili
1156 2006 1362 2077 vocularum
1379 2006 1494 2099 expli-

440 2123 581 2194 catione
598 2121 789 2216 disceptari
807 2121 938 2194 solitas.
972 2121 1059 2194 Alia
1075 2143 1218 2214 prorsus
1235 2120 1338 2193 nobis
1354 2121 1494 2193 ratione

440 2237 616 2310 utendum
649 2249 716 2326 est,
740 2240 846 2333 longe
872 2238 943 2310 alia
966 2237 1189 2310 instituenda
1213 2245 1269 2308 est
1294 2235 1493 2331 disciplinae

439 2375 575 2424 norma.
627 2345 723 2426 Nam
750 2353 822 2425 nint
846 2353 931 2426 licet
955 2353 1036 2437 ista,
1059 2353 1165 2425 sicuti
1189 2354 1348 2437 fuerunt,
1370 2363 1495 2426 acuto-

438 2491 519 2540 rum
544 2471 731 2542 hominum
757 2480 795 2543 et
819 2493 892 2542 non
917 2471 1144 2542 indoctorum
1173 2480 1388 2553 commenta,
1414 2471 1495 2565 qui-

437 2585 505 2658 bus
521 2611 560 2659 se
576 2599 693 2681 septos
713 2587 873 2682 undique
895 2597 1075 2670 tenerent,
1092 2597 1130 2657 et
1146 2607 1169 2657 e
1189 2585 1318 2680 quibus
1343 2586 1446 2680 quasi
1470 2609 1493 2658 e

438 2709 518 2772 tuto
547 2701 724 2796 impetum
753 2723 1013 2796 nonnunquam
1037 2702 1076 2772 in
1101 2701 1286 2794 imperitos
1311 2701 1491 2782 facerent3

438 2824 559 2887 tamen
582 2818 621 2887 id
642 2841 714 2888 non
739 2840 836 2888 nunc
858 2816 991 2912 agitur,
1007 2817 1137 2910 quibus
1160 2817 1386 2910 potissimum
1409 2817 1491 2889 telis

438 2940 612 3025 tanquam
629 2956 712 3004 cum
738 2936 840 3003 hoste
863 2933 911 3004 sit
927 2933 1183 3017 dimicandum,
1201 2934 1265 3004 sed
1286 2955 1359 3026 quo
1386 2933 1491 3005 modo

438 3070 496 3118 ars
511 3048 573 3119 illa
588 3049 749 3119 omnium
763 3072 988 3143 quaecunque
1001 3061 1085 3122 saint
1098 3050 1294 3122 clarissima
1305 3074 1348 3122 ac
1359 3053 1494 3145 jucun-

392 3251 400 3260 .
438 3162 584 3235 dissime
600 3165 637 3235 in
656 3168 830 3237 humanos
846 3190 932 3238 usus
949 3168 1085 3260 optime
1100 3169 1297 3240 excolatur.
1344 3168 1418 3239 Res
1435 3176 1491 3238 est

436 3280 596 3372 proiecto
611 3304 682 3352 non
695 3282 732 3353 in
745 3283 843 3353 verbi
857 3283 1097 3355 controversia
1109 3283 1236 3376 posita,
1248 3284 1312 3354 sed
1323 3306 1399 3376 prae
1412 3284 1491 3356 aliis

436 3394 547 3467 libera
559 3406 597 3469 et
610 3420 692 3491 quae
707 3398 764 3469 his
781 3398 934 3470 exilibus
947 3398 1156 3471 Dialecticae
1172 3399 1309 3493 laqueis
1321 3400 1492 3491 expedia·

436 3522 496 3584 tur
512 3514 658 3586 omnino
675 3515 796 3611 digna,
814 3538 983 3611 quaenam
1000 3516 1137 3587 scilicet
1153 3516 1200 3587 sit
1216 3516 1288 3587 ista
1303 3516 1357 3585 vis
1374 3539 1418 3587 ac
1435 3516 1496 3587 fa«

435 3630 561 3713 cultas,
578 3641 617 3701 et
633 3631 731 3723 quali
748 3631 795 3703 sit
809 3632 945 3703 auxilio
961 3631 1064 3713 fulta,
1077 3652 1160 3724 quae
1175 3631 1228 3703 ita
1245 3641 1412 3726 peragrat
1425 3654 1490 3724 per

434 3766 558 3815 sensus
571 3746 758 3815 hominum
772 3757 809 3816 et
820 3748 1031 3843 languentes
1043 3758 1163 3840 potest
1172 3748 1343 3832 excitare,
1352 3758 1395 3820 ut
1404 3748 1489 3819 licta

434 3882 500 3951 pro
517 3859 608 3930 veris
625 3860 844 3946 existiment,
861 3873 926 3933 aut
942 3874 1115 3958 tanquam
1133 3886 1217 3935 vera
1233 3864 1333 3935 omni
1352 3864 1495 3935 animo·

434 3998 516 4045 rum
541 3985 642 4047 motu
668 3988 1019 4070 prosequantur-ut
1041 4002 1165 4051 eorum
1188 4003 1270 4074 quae
1295 3991 1489 4052 narrantur

433 4089 503 4183 ipsi
519 4092 708 4186 participes
724 4095 824 4180 fiant,
837 4105 879 4167 ut
895 4106 1049 4188 sperent,
1062 4108 1196 4181 ament,
1210 4108 1387 4181 metuant,
1399 4097 1489 4168 iras·

433 4216 572 4292 cantur,
582 4211 778 4304 gaudeant;
792 4236 874 4307 quae
884 4213 1039 4306 denique
1049 4214 1142 4285 veris
1155 4213 1240 4306 ipsis
1254 4214 1362 4285 decus
1374 4214 1488 4307 quod·

433 4323 516 4394 dam
540 4335 657 4417 potest
674 4336 711 4400 et
732 4327 947 4423 dignitatem
971 4329 1114 4416 addere,
1131 4330 1228 4423 quod
1252 4329 1406 4401 nimium
1431 4340 1487 4401 cst

432 4444 664 4533 amputando,
689 4444 784 4515 foeda
809 4454 848 4516 et
873 4444 994 4538 turpia
1018 4444 1223 4539 rejiciendo,
1249 4456 1288 4518 et
1312 4446 1492 4541 quicquid?
