3559 5575
930 77 1063 146 392
1683 72 1926 137 PARS
1971 68 2333 135 TERTIA
2570 68 2804 131 Pam..
2826 66 3058 132 XXX.

931 248 1215 320 Eadem
1248 247 1483 318 forsan
1501 245 1593 315 in
1629 247 1843 338 culpa
1875 244 2284 316 habendum
2321 251 2432 314 est
2463 240 2647 312 illud
2684 240 3006 323 Horatii,

1194 386 1298 448 Te
1329 386 1485 470 Spes
1515 395 1580 446 et
1607 379 1752 446 albo
1780 401 1943 444 rara
1973 378 2167 444 Fides
2193 377 2344 443 colit

1108 485 1328 552 Velata
1356 506 1589 572 panno.
2374 480 2564 543 Hoa.
2595 479 2728 543 On.
2763 478 2822 543 1.
2846 479 2963 543 35.

933 616 1219 708 Quippe
1253 614 1471 685 Fides
1510 633 1776 708 panno
1820 606 2067 681 velata
2112 609 2338 681 oculis
2376 609 2740 703 quoddam
2773 617 3062 700 specta-

1096 801 1308 867 Nocte,
1341 797 1546 875 dieque
1574 809 1764 876 patet:
1813 808 1936 854 tota
1962 808 2052 855 est
2078 815 2145 854 ex
2169 815 2280 854 aere
2308 794 2572 854 sonanti:

1097 898 1251 955 Tota
1278 894 1503 954 fremit:
1552 913 1830 972 vocesque
1858 894 2061 952 refert:
2110 893 2389 972 iteratque
2417 893 2570 971 quod
2598 892 2771 952 audit.

1100 994 1281 1053 Nulla
1306 993 1464 1071 quies
1492 992 1667 1061 intuS,
1694 991 1965 1069 nullaque
1992 990 2217 1050 silentia
2242 1003 2421 1068 parte.

1100 1091 1230 1148 Nec
1258 1101 1454 1147 tamen
1481 1102 1570 1147 est
1595 1086 1829 1154 clamor,
1862 1087 1960 1145 sed
1991 1106 2176 1164 parvae
2203 1106 2496 1144 murmura
2513 1085 2701 1145 vocis:

1103 1184 1312 1248 Qualia
1339 1185 1411 1242 de
1439 1183 1627 1263 pelagi
1658 1183 1732 1259 (si
1760 1182 1887 1261 quis
1914 1182 2111 1261 procul
2137 1181 2360 1256 audiat)
2394 1181 2562 1241 undis

1105 1285 1250 1341 Esse
1278 1281 1495 1340 solentx
1542 1281 1839 1358 qualemve
1867 1299 2094 1348 sonum,
2123 1298 2256 1338 cum
2283 1281 2325 1337 J
2327 1279 2550 1358 uppiter
2571 1291 2721 1338 atras

1103 1377 1395 1456 Increpuit
1423 1376 1623 1444 nubes,
1653 1389 1904 1435 extrema
1933 1375 2184 1434 tonitrua
2211 1376 2476 1434 reddunt.

1103 1473 1265 1532 Atria
1292 1475 1456 1531 turba
1484 1487 1720 1532 tenent:
1767 1472 2007 1532 veniunt
2033 1473 2156 1532 leve
2184 1470 2403 1554 vulgus,
2433 1484 2700 1552 euntque.

1101 1570 1390 1647 Mistaque
1416 1589 1546 1627 cum
1580 1571 1722 1627 veris
1749 1569 1960 1648 passim
1988 1583 2318 1630 commenta
2343 1583 2617 1650 vagantur

1104 1666 1291 1726 Millia
1320 1686 1651 1734 rumorum;
1697 1667 2048 1745 confusaque
2077 1668 2248 1727 verba
2273 1668 2554 1727 volutant,

1103 1767 1156 1824 E
1182 1763 1387 1841 quibus
1413 1762 1473 1820 hi
1505 1782 1711 1822 vacuas
1738 1763 1983 1842 implent
2009 1764 2368 1825 sermonibus
2396 1784 2557 1824 auras
2573 1787 2615 1846 :-

1106 1861 1188 1921 Hi
1218 1873 1445 1920 narrata
1471 1861 1661 1920 serunt
1688 1860 1845 1919 aliis:
1893 1880 2270 1940 mensuraque
2297 1861 2415 1921 ficti

1108 1957 1365 2024 Crescit;
1411 1969 1470 2016 et
1497 1956 1703 2015 auditis
1731 1956 1947 2034 aliquid
1975 1976 2155 2016 novus
2182 1957 2377 2033 adjicit
2403 1971 2585 2017 autor.

1106 2053 1233 2112 Illic
1255 2053 1598 2122 Credulitas,
1623 2052 1737 2112 illic
1766 2056 2102 2113 temerarius
2122 2056 2316 2124 Error,

1109 2152 1385 2229 Vanaque
1415 2151 1642 2210 Laetitia
1668 2164 1775 2220 est,
1807 2151 2268 2229 consternatique
2293 2152 2576 2221 Timores,

1110 2247 1436 2325 Seditioque
1464 2267 1683 2325 repens,
1716 2247 2003 2325 dubioque
2034 2260 2232 2306 autore
2262 2247 2506 2307 Susurri.

1109 2346 1138 2403 1
1146 2366 1252 2404 rsa
1280 2344 1416 2422 quid
1444 2346 1505 2403 in
1532 2345 1679 2403 coelo
1708 2364 1917 2413 rerum,
1951 2344 2266 2424 pelagoque
2289 2357 2522 2424 geratur

1107 2442 1187 2499 Et
1215 2440 1415 2499 tellure
1445 2440 1638 2500 videt:
1672 2453 1975 2518 totumque
2003 2439 2234 2519 inquirit
2259 2442 2319 2499 in
2348 2443 2563 2502 orbem.

2493 2539 2667 2598 Mar.
2696 2540 2842 2598 XII.
2871 2557 2977 2617 39.

948 2657 1212 2718 Proxime
1238 2655 1373 2716 huic
1401 2657 1567 2716 Statii
1598 2658 2040 2738 descriptionem
2069 2662 2357 2732 adeamne,
2384 2682 2510 2741 quae
2538 2659 2646 2720 etsi
2676 2661 2903 2719 Fauni
2937 2681 3064 2720 non

947 2755 1281 2837 praecipuam
1313 2772 1614 2835 personam
1642 2757 1742 2815 sed
1769 2757 1948 2817 Marti
1980 2759 2250 2819 comitem
2286 2758 2569 2830 adhibeat,
2596 2777 2820 2837 nequeo
2860 2771 3064 2819 tamen

945 2853 1086 2913 mihi
1113 2866 1450 2933 temperare,
1480 2854 1617 2933 quin
1647 2855 1838 2935 imago
1867 2856 2110 2936 egregia,
2141 2856 2313 2916 etiam
2356 2870 2639 2938 quatenus
2676 2858 2749 2915 ad
2787 2876 2913 2915 rem
2949 2876 3066 2915 no-

947 2966 1123 3012 stram
1154 2952 1344 3011 minus
1371 2952 1524 3022 facit,
1553 2967 1903 3033 proponatur
1929 2954 2165 3034 integra.

1108 3078 1192 3135 Et
1207 3082 1330 3157 jam
1359 3074 1685 3156 noctivagas
1715 3076 1864 3135 inter
1892 3077 2052 3134 Deus
2078 3074 2344 3152 Armiger
2369 3077 2600 3135 umbras

1110 3174 1376 3252 Desuper
1399 3173 1656 3233 Arcadiae
1684 3174 1845 3242 fines,
1872 3173 2258 3251 Nemeaeaque
2286 3193 2430 3243 rura,

1109 3270 1546 3348 Taenariumque
1574 3290 1867 3338 cacumen,
1896 3269 2342 3348 Apollineasque
2368 3272 2721 3349 Therapnas,

1112 3368 1414 3424 Armorum
1446 3366 1664 3425 tonitru
1692 3368 1843 3437 ferit,
1871 3379 1932 3425 et
1959 3366 2302 3444 trepidantia
2328 3368 2501 3426 corda

1112 3462 1325 3540 Implet
1351 3482 1543 3521 amore
1570 3463 1678 3521 sui.
1762 3466 2023 3524 Comunt
2051 3463 2235 3523 Furor
2263 3464 2470 3541 Iraque
2493 3465 2728 3535 cristan

1109 3559 1299 3618 Frena
1325 3557 1611 3617 ministrat
1637 3559 1797 3638 equis
1827 3562 2012 3619 Pavor
2038 3560 2315 3641 armiger:
2361 3574 2421 3620 at
2449 3561 2579 3642 vigil
2610 3561 2771 3623 omni

1110 3655 1283 3713 Fam
1311 3674 1457 3715 sono
1484 3656 1664 3716 varios
1691 3677 1880 3716 rerum
1910 3657 2204 3718 succincta
2233 3659 2511 3718 tumultus

1113 3755 1262 3812 Ante
1286 3755 1441 3813 volat
1469 3756 1982 3833 currum,flaeuque
2012 3758 2250 3832 impulsa
2275 3765 2589 3831 gementum

1115 3852 1429 3928 Alipedum,
1461 3856 1705 3929 trepidas
1729 3857 1896 3912 denso
1924 3872 2049 3911 cum
2074 3872 2355 3912 murmure
2374 3857 2597 3930 plumas

1114 3949 1374 4009 Excutit:
1419 3959 1581 4026 urget
1609 3952 1751 4009 enim
1776 3952 2015 4009 stimulis
2041 3954 2246 4026 auriga
2274 3956 2516 4009 mentis
