3559 5575
347 555 749 624 PRAELECTIONUM
773 556 1098 624 ARGUMENTA.
1200 560 1257 626 xiii

241 741 345 792 -aut
367 727 534 814 praeterite
557 726 741 792 calamitatis
763 751 856 794 sensu
876 729 1044 795 manifesto
1064 729 1256 818 impellatur.

242 832 327 911 Quoe
362 829 469 894 omnia
495 842 672 918 poetarum,
704 830 876 918 proeeertim
906 831 1042 920 Virgilii,
1071 833 1259 900 auctoritate

241 933 501 1022 comprobantur.
956 981 967 998 .
1130 958 1165 1024 p.
1180 938 1257 1004 287.

432 1138 679 1198 PRAELECTIO
700 1140 1027 1200 UNDEVICESIMA.

123 1259 125 1272 ¹
197 1245 244 1308 In
259 1240 494 1308 oommoveudis
509 1241 689 1308 Affectibus
703 1242 842 1309 vitandoe
863 1259 938 1310 sunt
958 1245 1128 1310 Sententiae
1147 1269 1260 1332 graves

244 1345 341 1410 nimie
361 1358 394 1409 et
413 1343 544 1409 subdier
565 1358 598 1410 et
615 1345 773 1433 euperboe.
818 1347 927 1412 Etiam
941 1345 1155 1434 argumentari
1169 1369 1261 1410 anou-

243 1464 315 1514 rate
343 1467 457 1534 porum
487 1447 645 1512 eonvenit.
688 1449 946 1536 Enthymemntie
971 1449 1026 1514 oli
1047 1451 1081 1514 in
1106 1473 1142 1514 re
1166 1471 1260 1536 paroe

246 1547 414 1616 utendum.
1136 1573 1169 1639 p.
1184 1552 1260 1615 248.

493 1651 740 1714 PRAELucho
761 1652 967 1712 VICESIMA.

200 1753 289 1822 Rem
311 1753 417 1818 Unum
439 1765 471 1818 et
492 1753 676 1840 Simplicem
697 1767 855 1840 proponat
876 1753 1028 1842 scriptun
1051 1775 1126 1839 qua
1147 1766 1184 1818 ut
1200 1775 1262 1817 oae-

246 1867 333 1920 teroe
343 1855 485 1924 Affectus
497 1855 544 1922 ite
559 1854 808 1922 Misericordiam
822 1855 1038 1944 magirmovet
1047 1876 1144 1943 quam
1154 1875 1261 1918 rerum

248 1955 431 2024 multitudo.
1136 1979 1169 2044 p
1185 1958 1260 2026 259.

423 2153 669 2214 PRAELECTIO
691 2152 885 2214 VICESIMA
905 2153 1046 2212 PRIMA.

204 2257 382 2324 Sententiis
396 2255 503 2343 pmbis
517 2255 640 2344 piisque
654 2270 822 2322 moventur
836 2256 1011 2322 admodum
1025 2256 1188 2323 Affectus:
1212 2280 1262 2322 re·

249 2371 371 2452 spuunt
385 2359 566 2426 contrarias.
612 2358 757 2424 Maxime
771 2371 877 2424 nutem
895 2358 1127 2424 Sententiarum
1141 2359 1190 2424 vis
1202 2383 1261 2424 nu·

249 2474 345 2548 getur
359 2459 385 2524 si
402 2460 528 2547 justum
542 2460 575 2527 in
590 2473 734 2547 poemate
747 2460 853 2526 locum
867 2461 1017 2538 habeant,
1031 2473 1064 2526 et
1076 2476 1264 2549 argumento

250 2551 431 2632 inserviant.
455 2563 529 2628 Hoc
538 2560 738 2647 praelectione
748 2561 854 2646 agitur
864 2561 906 2626 de
921 2563 1089 2628 Sententiis
1103 2563 1145 2628 nd
1156 2566 1264 2628 Deum

253 2662 493 2751 pertinentibus.
1141 2687 1173 2752 p.
1190 2664 1263 2733 267·

395 2868 640 2929 PRAELECTIO
662 2870 857 2931 VICESIMA
878 2870 1079 2931 SECUNDA.

211 2972 386 3039 Sententtae
399 2971 595 3037 definitiones
605 2971 708 3037 variae.
741 2972 797 3037 Ad
812 2973 878 3038 duo
892 2973 1020 3039 omnino
1029 2998 1147 3062 genera
1156 2975 1265 3041 viden-

254 3089 309 3140 tur
329 3075 512 3143 referendoe.
557 3075 658 3143 Primi
676 3075 800 3164 generis
817 3090 950 3141 euntem
964 3099 1037 3164 qnoe
1052 3077 1118 3143 oola
1132 3081 1265 3144 vertum

254 3178 376 3245 valent:
400 3190 438 3245 nt
451 3178 492 3243 de
510 3178 720 3246 humanarum
740 3201 844 3247 rerum
861 3178 1083 3246 vanitate-de
1103 3181 1266 3248 mediocri-

255 3294 319 3347 tate
333 3280 555 3349 fortunio-de
567 3279 683 3369 privati
696 3280 753 3351 otii
766 3282 949 3351 commodis.
1139 3307 1172 3372 p.
1188 3287 1263 3351 280.

416 3487 665 3547 PRAEanTlo
686 3486 881 3547 VICESIMA
901 3489 1062 3549 TERTIA.

123 3584 125 3587 ¹
214 3592 265 3657 De
287 3588 457 3656 Sententiis
478 3588 569 3652 mixti
589 3587 712 3674 generis
730 3586 847 3673 agitur,
863 3610 1000 3673 quarum
1014 3589 1062 3653 vis
1081 3588 1115 3652 in
1134 3593 1267 3656 veritate

255 3692 359 3781 posita
372 3706 430 3757 eet.
465 3689 658 3776 Frigidiores
672 3689 722 3752 hae
737 3688 829 3767 fiunt,
845 3688 871 3753 si
885 3713 937 3754 ens
953 3692 1052 3755 Poeta
1065 3690 1133 3780 ipse
1147 3692 1264 3758 efferat.

255 3798 410 3861 Peraoaae
430 3792 536 3881 potius
557 3792 650 3857 alicui
672 3790 863 3885 tribuantpr.
909 3794 1074 3881 Praecipue
1092 3807 1197 3859 autem
1218 3812 1266 3862 est

256 3897 440 3975 videndum,
467 3910 503 3961 ut
525 3917 690 3983 personam
716 3894 857 3974 deceant,
884 3909 917 3959 et
938 3894 1055 3961 fabulae
1077 3913 1266 3985 argumento

256 4000 454 4066 conveniunt.
1139 4024 1173 4087 p.
1190 4004 1264 4072 292.

409 4204 656 4267 PRAELECTIO
676 4203 870 4263 VICESIMA
892 4203 1071 4266 QUARTA.

222 4310 268 4376 De
295 4308 462 4376 Sententiis
484 4308 615 4373 sublime
638 4306 766 4394 aliquod
789 4330 826 4371 no
849 4327 1042 4395 generorum
1066 4307 1264 4395 spirantibus.

259 4410 326 4477 Vin.
352 4412 404 4475 De
428 4408 538 4496 gloria,
564 4408 605 4475 de
633 4406 877 4489 immortalitate,
902 4407 943 4473 de
971 4408 1168 4494 gravioribus
1193 4409 1266 4472 vitae
