3559 5575
489 66 556 131 288
825 60 947 127 PARS
970 57 1195 125 SECUNDA
1296 59 1409 136 Pasa,
1424 59 1549 127 xvu.

541 238 688 310 Interea
699 235 746 308 ad
760 232 968 306 Aristotelis
980 241 1236 330 argumentum
1249 231 1549 319 confirmandum,

489 378 562 449 quo
578 354 728 425 affectus
744 348 852 422 hosce
867 342 965 421 inter
984 373 1023 421 se
1046 348 1227 443 oppositos
1252 370 1331 421 esse
1352 348 1494 434 statuit,
1509 360 1550 422 et

490 466 525 540 ri
551 464 639 540 δεινὸν
664 466 753 539 illud
779 487 875 558 saepe
899 463 1103 537 adversario
1125 464 1303 559 prodesse,
1320 465 1481 537 maxima
1498 489 1549 538 ex

491 583 648 657 Romani
673 578 875 677 philosophi
901 579 1043 674 scriptis
1065 580 1261 653 auctoritas
1284 579 1436 665 accedit,
1453 582 1548 653 unde

491 698 576 772 huic
605 702 687 771 loco
720 698 829 769 linem
862 696 1012 769 tandem
1045 696 1255 789 impositum
1287 695 1410 769 velim.
1478 698 1548 770 His

490 815 589 889 enim
605 813 722 889 verbis
739 814 877 885 Seneca
893 814 939 884 de
956 813 1027 885 Irae
1040 811 1278 886 incommodis
1294 812 1436 906 copiose
1455 824 1549 885 trac·

491 942 584 1016 taus,
607 929 817 1025 Lysimachi
841 928 937 1025 regis
961 929 1140 1002 saevitiam
1165 953 1209 1001 ac
1234 928 1417 1002 feritatem
1442 951 1548 1023 poene

491 1048 738 1121 incredibilem
755 1057 890 1119 narrat.

542 1176 566 1208 “
583 1164 855 1259 Telesphorum,
876 1160 941 1245 ait,
958 1159 1143 1233 Rhodium
1168 1161 1326 1234 amicum
1350 1184 1457 1233 suum
1481 1185 1548 1235 un·

492 1292 515 1327 “
532 1282 641 1377 dique
658 1282 899 1363 decurtatum,
915 1300 999 1349 cum
1014 1300 1119 1349 auras
1137 1276 1192 1349 illi
1214 1300 1414 1372 nasumque
1435 1278 1547 1351 absd-

493 1408 516 1443 “
526 1400 654 1482 disset,
679 1397 718 1468 iu
751 1420 861 1468 cavea
885 1395 986 1466 velut
1015 1416 1150 1467 norum
1178 1393 1313 1465 animal
1338 1394 1484 1488 aliquod
1510 1406 1549 1467 et

492 1514 745 1585 “inusitatum
769 1511 832 1581 diu
854 1509 979 1603 pavit:
1005 1532 1089 1581 cum
1114 1509 1184 1582 oris
1210 1494 1416 1583 detruncati
1438 1512 1549 1584 muti·
1597 1490 1604 1505 ’

493 1638 516 1672 “
532 1628 668 1721 latique
702 1626 911 1699 deformitas
941 1628 1136 1699 humanam
1165 1626 1294 1698 faciem
1323 1626 1547 1720 perdidisset.

493 1756 517 1789 “
533 1745 741 1817 Accedebat
756 1744 870 1815 fames
887 1753 925 1815 et
941 1745 1084 1837 squalor
1106 1754 1144 1815 et
1160 1742 1302 1815 illuvies
1325 1744 1492 1836 corporis,
1508 1744 1547 1815 in

493 1872 516 1905 ‘⁶
534 1872 688 1935 stercore
705 1883 769 1932 suo
792 1858 982 1932 destituti:
1007 1860 1146 1931 callosis
1168 1882 1278 1952 super
1298 1860 1378 1930 baec
1394 1859 1548 1955 genibus

494 1989 517 2022 “
535 1977 782 2071 manibusque,
807 1998 897 2070 quas
921 1976 961 2045 iu
990 1998 1096 2046 usum
1118 1976 1251 2068 pedum
1276 1975 1456 2071 angustiae
1479 1975 1548 2047 loci

494 2105 517 2138 ‘⁶
534 2096 720 2191 cogebant,
747 2093 920 2166 lateribus
948 2114 1033 2163 vero
1061 2091 1191 2165 attritu
1220 2092 1446 2176 exulceratis,
1475 2116 1547 2165 non

494 2221 517 2253 “
535 2211 653 2282 minus
676 2210 774 2281 foeda
796 2232 906 2303 quam
928 2206 1096 2281 terribilis
1113 2218 1191 2279 erat
1206 2208 1324 2280 forma
1338 2211 1416 2302 ejus
1432 2207 1549 2281 risen·

495 2336 518 2369 “
534 2326 653 2399 tibus:
666 2324 878 2421 factusque
887 2346 1007 2419 poesc
1022 2346 1094 2396 auo
1111 2331 1326 2408 monstrum,
1342 2321 1548 2397 misericor-

495 2451 518 2484 “
534 2438 637 2511 diam
653 2459 800 2536 quoque
816 2435 1028 2511 omiserat?
1078 2440 1162 2513 Seu.
1178 2441 1226 2511 de
1243 2438 1316 2522 Ira,
1334 2439 1500 2519 111.1r.·

545 2670 685 2741 Praeter
710 2670 775 2741 has
800 2678 936 2757 autem,
959 2670 1000 2741 in
1026 2671 1156 2764 quibus
1186 2667 1437 2743 examinandis
1462 2668 1550 2743 satis

489 2786 569 2880 jam
598 2809 717 2880 operae
744 2784 998 2880 impendimus,
1022 2811 1141 2859 causae
1165 2799 1356 2881 supersunt
1381 2786 1550 2882 quaedam

494 2927 560 2975 cur
581 2904 703 2976 fictam
726 2903 919 2998 aliquando
942 2902 1165 2976 mmmmm
1187 2903 1383 3001 imaginem
1407 2902 1551 2976 immoti

495 3044 649 3114 prorsus,
667 3031 731 3093 aut
748 3029 845 3093 certe
868 3042 941 3092 non
958 3021 1191 3093 vehementer
1216 3020 1387 3093 commoti
1409 3020 1551 3092 intuea-

496 3161 588 3209 mur.
640 3138 803 3220 Quarum
830 3137 958 3231 utique
984 3138 1063 3211 baec
1086 3136 1306 3230 praecipuam
1329 3135 1405 3207 vim
1429 3138 1549 3220 habet,

496 3275 579 3345 quae
595 3251 713 3346 posita
729 3251 836 3324 estin
854 3251 992 3347 flagitio
1009 3251 1129 3346 aliquo
1145 3251 1316 3325 notabili:
1341 3274 1473 3344 nempe
1488 3251 1551 3321 ubi

496 3365 528 3439 is
543 3368 645 3460 cujus
663 3366 875 3440 describitur
890 3368 1037 3441 fortuna
1051 3367 1231 3464 insignem
1250 3366 1363 3442 animi
1381 3365 1551 3461 improbi·

496 3491 610 3555 tatem
627 3481 731 3553 factis
748 3482 1005 3578 sententiisque
1023 3484 1192 3557 declarat.

539 3675 553 3704 ⁸
573 3667 692 3750 Optime
705 3667 776 3731 ilem
789 3669 820 3730 iu
834 3672 911 3731 lianc
925 3691 985 3730 rem
1002 3670 1177 3731 conveniunt
1189 3671 1282 3732 'l'aciti
1297 3671 1382 3731 rerba
1402 3670 1438 3730 de
1458 3683 1552 3729 morte

498 3765 624 3828 Vitellii:
648 3767 791 3830 “Vinctoe
812 3789 888 3848 pone
912 3781 1024 3849 tergum
1052 3789 1174 3829 manus:
1201 3769 1307 3830 laniata
1330 3782 1417 3840 veste,
1442 3769 1550 3828 ioedum

499 3865 728 3946 “spectaculum
762 3866 930 3934 ducebatur,
960 3865 1058 3925 multis
1082 3865 1303 3946 increpantibus,
1329 3867 1410 3926 nullo
1436 3863 1552 3926 inlacri-

498 3969 519 3995 ¹⁸
534 3975 645 4023 mante:
661 3961 821 4039 desornrttas
830 3965 920 4021 oritus
929 3965 1145 4024 misericordium
1152 3967 1336 4024 maulam?
1345 3964 1427 4025 Hist.
1433 3965 1491 4024 111.
1500 3965 1552 4041 85.
