3559 5575
501 201 545 268 'ii
752 198 875 265 PARS
899 197 1060 264 PRIMA
1082 195 1148 262 DE
1172 197 1298 263 IMIT.
1387 198 1508 265 Pur.
1529 201 1579 265 V.

500 373 665 446 omnibus
687 372 882 445 referendis
907 372 1105 466 plurimum⁴
1128 371 1172 442 iis
1201 373 1376 466 profuisse
1401 374 1574 448 arbitror

500 489 653 584 picturae
669 488 886 581 exemplum.
938 488 1089 561 Etenim
1105 511 1154 560 ex
1170 512 1243 582 quo
1260 491 1419 582 perfecta
1432 515 1572 564 evase·

498 614 558 676 rat
579 602 653 675 Ars
677 601 850 698 pingendi
875 603 987 698 (quod
1010 627 1082 674 non
1110 615 1197 676 ante
1222 604 1390 697 Apellem
1413 607 1566 678 facturn

499 719 587 792 satis
619 719 775 810 constat)
807 719 898 792 mira
925 720 1091 813 quoedam
1120 731 1245 812 poetas
1271 732 1437 816 torquere
1467 748 1566 796 cura

500 834 609 928 coepit
634 835 809 931 imagines
834 845 1001 908 accurate
1025 847 1064 908 et
1080 847 1232 908 venuste
1256 838 1471 922 delineandi,
1490 863 1567 911 no-

499 973 567 1022 vus
593 949 678 1022 inde
707 951 878 1022 continuo
903 951 1045 1044 irrepsit
1070 951 1235 1044 operibus
1258 953 1364 1036 nitor,
1382 978 1477 1025 nova
1492 956 1566 1025 lae-

499 1066 734 1139 titiat-tum
750 1065 888 1138 lumina
910 1067 1108 1160 disponere,
1126 1069 1260 1140 colores
1279 1069 1572 1164 variare—qnid,

499 1181 537 1254 in
555 1206 696 1278 quaque
713 1207 753 1256 re
769 1183 927 1255 maxime
943 1195 1037 1255 esset
1053 1185 1235 1277 proprium
1254 1186 1562 1258 observare-eli-

500 1319 580 1372 cere
602 1303 671 1372 hoc
690 1310 800 1393 atque
825 1323 964 1382 ornare,
981 1309 1019 1372 et
1034 1300 1138 1393 qnasi
1162 1300 1326 1393 exposito
1351 1303 1560 1394 spectaculo

499 1417 700 1518 legentibus
717 1418 812 1488 ultro
825 1417 973 1498 offerre;
999 1416 1113 1487 donec
1130 1440 1318 1512 progressu
1335 1419 1454 1490 aetatis
1476 1441 1563 1502 mar-g

498 1531 555 1626 gis
579 1533 765 1628 magisque
788 1534 857 1603 hac
870 1533 1025 1604 'luxuria
1048 1533 1265 1621 diffluerent,
1281 1545 1320 1606 et
1336 1535 1430 1607 siout
1445 1536 1557 1609 hodie

498 1644 538 1716 in
555 1648 796 1740 compluribus
813 1649 928 1741 poetis
945 1649 1115 1735 cernitur,
1132 1651 1284 1744 pristina
1299 1652 1362 1723 illa
1374 1653 1428 1723 vis
1444 1676 1488 1723 ac
1499 1652 1559 1723 vi·

499 1761 565 1834 rile
582 1765 701 1848 robur,
718 1764 849 1836 sensim
866 1764 904 1835 in
922 1767 1137 1862 elegantiam
1153 1769 1336 1862 quandam
1358 1778 1397 1841 et
1411 1771 1555 1841 cultum

499 1879 672 1972 puerilem
698 1880 880 1976 migraret.
933 1882 976 1952 In
995 1907 1084 1976 quos
1101 1883 1268 1978 equidem
1284 1893 1323 1956 et
1338 1884 1377 1955 in
1393 1885 1555 1956 fautores

499 2017 582 2068 suos
612 1996 813 2069 convicium
842 1998 933 2070 illud
958 1999 1194 2072 Homericum
1223 2024 1296 2072 non
1321 2003 1470 2073 verebor
1497 2001 1556 2073 in·

498 2111 603 2197 ferre,
1558 2135 1562 2139 ’

580 2255 678 2324 Ἦπου
693 2259 887 2344 καγχαλόωσι
903 2259 1126 2346 καρηκομίωπες
1138 2261 1267 2346 Ἀχαιοὶ,

506 2389 511 2400 ·
550 2405 552 2412 ι
585 2361 695 2436 Φάντες
708 2367 830 2444 ἀριστῆα
844 2362 947 2444 πρόμον
961 2361 1089 2443 ἔμμεναι,
1103 2360 1200 2428 οὕνεκα
1216 2366 1303 2428 καλὸν

508 2497 510 2502 ·
586 2461 668 2538 Εἶδος
683 2462 733 2526 ἔπ’·
757 2463 824 2528 ἀλλ’
842 2467 892 2526 οὐκ
908 2462 968 2527 ἴστε
983 2465 1031 2545 βίη
1047 2463 1152 2551 pproli,
1167 2465 1227 2530 otti
1240 2487 1283 2542 τις
1297 2469 1381 2551 dani.
