3559 5575
412 169 642 233 Pam..
674 168 950 233 XXVI.
1106 167 1236 232 DE
1284 165 1915 233 AFFECTIBUS.
2382 169 2524 240 2837

411 340 491 412 in
541 363 620 412 se
661 340 1122 414 redeant—si
1158 341 1398 433 lepido
1429 363 1565 412 nec
1598 340 1893 433 opinato
1923 340 2115 412 saltu
2150 339 2527 411 claudatur

410 455 794 529 sententiae
825 479 1098 528 cursus.
1203 454 1629 550 Cujusmodi
1661 465 1830 526 sunt
1866 454 1989 526 illa
2025 453 2425 526 Martialis:

585 596 796 658 Extra
820 593 1141 658 fortunam
1171 607 1266 657 est
1292 591 1595 680 quicquid
1625 591 1904 657 donatur
1927 591 2175 658 amicis:

674 697 850 776 Quas
876 695 1147 775 dederis,
1178 694 1339 760 solas
1368 716 1614 782 semper
1644 694 1906 760 habebis
1933 716 2107 782 opes.

1941 797 2019 860 Μ
2025 818 2181 861 aar.
2217 796 2296 860 V.
2329 798 2435 860 43.

594 931 942 996 Hominem
971 929 1321 1017 malignum
1349 931 1561 995 forsan
1590 953 1721 995 esse
1751 944 1824 994 tu
1853 929 2104 994 credas:

594 1035 747 1121 Ego
776 1055 907 1098 esse
933 1031 1234 1098 miserum
1260 1032 1473 1112 credo,
1501 1032 1608 1098 cui
1633 1031 1842 1120 placet
1869 1053 2075 1096 nemo.

1946 1135 2195 1198 MART.
2226 1135 2308 1198 V.
2337 1135 2440 1202 29.

592 1268 888 1357 Ampliat
914 1268 1118 1334 oetatis
1140 1268 1412 1356 spatium
1441 1268 1560 1333 sibi
1586 1268 1684 1333 vir
1710 1269 1953 1334 bonus:
1999 1268 2121 1333 boc
2148 1280 2243 1332 est

681 1369 913 1435 Vivere
940 1369 1060 1450 bis,
1091 1369 1223 1449 vita
1250 1392 1440 1458 posse
1460 1369 1668 1457 priore
1694 1369 1843 1434 frui.
1943 1371 2190 1434 Mur.
2218 1368 2303 1431 X.
2336 1369 2445 1432 23.

420 1493 682 1589 Neque
730 1518 901 1566 sane
951 1504 1081 1567 aut
1122 1497 1215 1567 ab
1261 1494 1452 1568 hisce
1503 1496 1806 1592 argutiis
1857 1498 2149 1568 omnino
2194 1498 2529 1569 abhorret

421 1613 676 1696 Saena,
709 1622 837 1685 aut
869 1614 1368 1706 parabolarum
1401 1635 1597 1685 more
1640 1613 1716 1684 in
1767 1613 2143 1686 sententiis
2188 1613 2526 1686 ornandis

424 1728 824 1826 imaginum
858 1752 994 1822 ope
1027 1729 1255 1801 nescit
1280 1728 1413 1800 uti.

512 1851 680 1914 Nam
709 1871 831 1936 ego
856 1847 1035 1913 illum
1059 1849 1332 1936 periisse
1350 1847 1539 1927 duco,
1571 1848 1675 1913 cui
1701 1847 1958 1935 quidem
1978 1850 2187 1936 periit
2213 1848 2450 1937 pudor,

424 1963 785 2034 exclamat
817 1959 1069 2052 Lydus
1100 1958 1221 2032 ille
1258 1961 1638 2031 Plautinus
1670 1959 1748 2030 in
1784 1960 2286 2034 Bacchidibus.
2341 1966 2533 2035 Rur-

426 2100 548 2149 sus
585 2075 662 2145 in
694 2073 1074 2145 Asinaria:

516 2214 749 2301 Lupus
775 2225 872 2277 est
898 2211 1091 2277 bomo
1122 2209 1384 2288 bomini,
1415 2232 1542 2274 non
1584 2210 1799 2290 bomo,
1827 2233 2022 2298 quom
2057 2210 2264 2297 qualis
2303 2211 2384 2276 sit
2409 2234 2533 2276 non

690 2312 883 2378 novit.
2015 2314 2222 2378 Asm.
2257 2315 2355 2378 11.
2387 2315 2447 2378 3.

519 2451 590 2514 Is
616 2462 711 2514 est
738 2446 976 2512 amicus
1003 2446 1116 2532 qui
1145 2445 1211 2510 in
1240 2468 1308 2511 re
1338 2446 1534 2512 dubia
1560 2468 1628 2511 re
1648 2446 1860 2533 juvat,
1892 2446 2003 2512 ubi
2032 2469 2101 2511 re
2128 2469 2291 2534 opus
2317 2460 2429 2513 est.

2069 2550 2265 2616 ΕΒΗ).
2293 2553 2354 2618 Ι.
2386 2554 2444 2615 2.

603 2685 841 2751 Nullus
870 2705 1151 2771 unquam
1180 2695 1423 2748 amator
1452 2681 1612 2748 adeo
1639 2684 1718 2748 'st
1747 2682 1971 2749 callide

519 2788 884 2867 Facundus,
911 2810 1059 2874 quoe
1087 2784 1153 2850 in
1183 2808 1315 2884 rem
1343 2784 1469 2850 sint
1496 2808 1697 2867 suam,
1728 2802 1805 2852 ut
1832 2785 2029 2875 possit
2056 2784 2257 2874 loqui.

2025 2891 2268 2954 Mune.
2297 2891 2353 2954 1.
2388 2892 2450 2954 1.

431 3011 782 3106 Ejusdem
816 3020 1049 3103 poetae
1082 3010 1354 3081 suntin
1380 3011 1812 3082 Curculione
1833 3011 1974 3083 ista
1998 3011 2345 3095 Palinuri,
2370 3034 2534 3105 quae

434 3125 722 3199 virtutis
755 3123 993 3197 aditus
1026 3125 1410 3219 diligenter
1443 3125 1826 3197 servandos
1858 3125 2269 3198 admonent.

1045 3261 1338 3326 Flamma
1363 3260 1544 3325 fumo
1572 3274 1666 3327 est
1694 3260 2016 3349 proxima:

608 3366 820 3430 Fumo
848 3363 1132 3429 comburi
1163 3362 1317 3427 nihil
1347 3374 1592 3451 potest;
1640 3363 1898 3429 flamma
1922 3376 2149 3452 potest.

611 3466 738 3545 Qui
764 3490 802 3533 e
828 3489 990 3532 nuce
1017 3465 1314 3531 nucleum
1341 3488 1476 3530 esse
1504 3464 1665 3546 vult,
1696 3466 1934 3553 frangit
1961 3489 2204 3531 nucem.

1521 3569 1788 3634 Pisum.
1821 3570 2127 3637 Cuacm..
2163 3571 2217 3635 1.
2253 3573 2314 3652 1,
2346 3576 2449 3638 53.

435 3688 778 3761 Asiaticis
811 3700 1056 3762 autem
1089 3690 1419 3762 omnibus
1454 3689 1742 3763 solenne
1775 3692 1855 3763 id
1886 3692 2103 3764 fuisse
2128 3702 2431 3777 constat,
2456 3705 2540 3766 ut

436 3814 878 3899 praeceptum
921 3814 1051 3877 aut
1083 3805 1514 3878 sententiam
1550 3807 1863 3902 aliquam
1898 3831 2039 3879 non
2076 3809 2344 3879 nudam
2381 3831 2542 3901 pro-

437 3920 699 4009 ferant,
733 3921 881 4005 sed,
916 3920 1065 3993 sive
1098 3921 1176 3991 id
1207 3921 1700 3994 delectationis
1735 3924 1971 4019 gratia
2004 3947 2127 3995 seu
2178 3922 2541 3995 memoriae

439 4036 713 4110 factum
746 4046 956 4121 esset,
989 4060 1156 4108 cum
1189 4036 1506 4132 imagine
1539 4040 1849 4132 quadam
1884 4041 2240 4134 copulent.
2325 4038 2540 4110 Certe

1472 4172 1524 4222 Ζ
