3559 5575
514 198 580 278 las
883 192 1006 260 PARS
1029 191 1191 274 PRIMA
1377 192 1496 262 Pur..
1515 193 1589 262 11.

512 371 623 448 estin
640 368 829 444 hominum
846 365 1005 440 moribus
1026 363 1268 460 designandis.
1319 363 1449 440 Animi
1473 369 1588 444 euim

512 497 645 562 natura
661 507 744 558 cum
761 483 810 556 sit
827 482 1018 574 multiplex
1034 491 1073 554 et
1089 481 1308 566 inconstans,
1321 505 1386 574 pro
1401 484 1468 567 rei,
1482 494 1588 558 tem·
1667 534 1668 541 κ

512 602 620 696 poris,
636 601 706 674 loci
723 598 908 674 occasione
926 610 1046 670 motus
1062 598 1173 670 habet
1189 598 1296 692 louge
1311 597 1487 686 diversos,
1501 624 1587 675 eos·
1667 575 1669 689 i

514 717 668 810 demque
685 715 833 790 subtiles
850 735 946 806 saepe
965 721 1005 785 et
1021 711 1189 795 incertos,
1205 721 1244 784 et
1260 713 1383 805 quales
1405 736 1482 788 nou
1508 715 1586 790 nisi

513 831 591 924 ipso
616 831 787 926 temporis
812 829 966 903 articulo
989 827 1290 921 comprehendere
1314 853 1357 902 ac
1381 833 1583 923 complecti

513 947 610 1020 licet.
661 949 743 1034 Quo
767 947 806 1021 iu
832 945 1006 1020 studiosi
1032 945 1113 1038 quis
1138 945 1244 1020 docte
1267 956 1442 1029 versetur,
1464 957 1508 1022 et
1524 947 1583 1022 iu.

515 1063 622 1135 timos
638 1063 912 1154 reconditosque
929 1084 1053 1132 seusus
1069 1061 1208 1134 curiose
1224 1061 1356 1145 eliciat,
1371 1085 1457 1134 eum
1474 1086 1580 1149 saue

515 1190 559 1253 ut
583 1190 716 1256 caetera
741 1178 860 1252 desint
884 1177 1008 1252 omnia
1031 1201 1114 1270 qua
1142 1177 1181 1250 iu
1210 1187 1318 1270 poeta
1345 1178 1579 1271 requirimus,

515 1319 586 1370 uon
622 1297 699 1372 siue
732 1293 972 1368 admiratione
1004 1294 1162 1387 quadam
1194 1303 1233 1366 et
1262 1295 1450 1386 voluptate
1486 1295 1579 1391 legi-

516 1435 608 1488 mus.

566 1525 718 1600 Etenim
742 1523 781 1596 iu
806 1523 1037 1597 celeberrimo
1060 1523 1224 1596 Lucretii
1245 1523 1348 1610 libro,
1363 1523 1428 1598 ubi
1450 1525 1577 1621 singli.

515 1640 620 1714 latim
636 1663 680 1714 ea
695 1639 882 1732 percurrit,
900 1639 1030 1732 quibus
1046 1641 1113 1714 sub
1129 1639 1219 1712 falsa
1236 1640 1312 1714 veri
1334 1639 1452 1733 specie
1476 1640 1577 1734 capi-

517 1764 629 1828 untur
653 1777 787 1838 seusus,
813 1755 1035 1828 delectamur
1059 1766 1156 1829 certe
1185 1765 1375 1831 venustate
1402 1756 1575 1832 carminis

517 1894 600 1965 quse
616 1878 673 1944 est
688 1870 727 1942 iu
743 1872 812 1944 hac
828 1880 931 1963 parte
947 1869 1303 1966 egregia-maxime
1325 1881 1447 1943 tamen
1473 1881 1575 1946 tene·

518 2009 600 2062 mur
623 1986 795 2060 facultate
820 1985 893 2069 illa,
910 2007 983 2079 qna
1002 1995 1118 2060 totam
1141 2008 1311 2058 sensuum
1332 1985 1510 2058 rationem
1534 1999 1574 2064 et

517 2102 717 2198 perspicere
740 2101 885 2198 penitus
909 2101 1030 2193 potuit
1050 2111 1090 2175 et
1114 2124 1257 2174 summa
1281 2101 1353 2177 fide
1380 2102 1572 2193 explicare

518 2215 655 2294 Paucos
674 2217 779 2292 modo
795 2241 843 2292 ex
860 2217 1040 2307 sexcentis
1055 2218 1131 2292 fere
1143 2218 1303 2292 versibus
1317 2217 1356 2289 in
1373 2217 1500 2290 eodem
1516 2240 1573 2290 ar·

516 2345 691 2432 gumeuto
707 2335 761 2408 fes
778 2334 826 2410 sit
843 2355 1032 2428 apponere.

606 2497 679 2574 Qua
693 2493 838 2559 vehimur
850 2495 936 2574 novi,
950 2493 1064 2574 fertur,
1079 2517 1152 2559 curu
1167 2508 1250 2560 stare
1265 2494 1408 2562 videtur:

605 2599 687 2676 Quae
700 2613 807 2660 manet
820 2596 854 2660 iu
868 2597 1012 2676 statione,
1026 2619 1064 2660 ea
1077 2610 1193 2684 praeter
1207 2598 1347 2663 creditur
1360 2598 1417 2678 ire,

606 2701 653 2763 Et
665 2699 778 2786 fugere
790 2698 832 2763 ad
846 2699 982 2786 puppim
996 2699 1101 2780 nolles,
1116 2700 1283 2788 campique
1296 2699 1456 2780 videntur,

605 2802 695 2879 Quos
707 2798 831 2887 agimus
844 2814 960 2888 praeter
974 2802 1092 2883 navim,
1106 2801 1247 2890 velisque
1260 2802 1412 2870 volamus

1201 2906 1360 2973 Lucrur.
1375 2907 1437 2972 1v.
1452 2908 1527 2973 888
1667 2925 1668 2946 ¹

604 3052 754 3142 Denique
768 3048 823 3119 ubi
836 3052 870 3118 in
884 3054 990 3119 medio
1003 3054 1095 3119 nobis
1108 3078 1211 3142 equus
1224 3078 1295 3120 acer
1310 3056 1443 3123 obhoesit

602 3154 772 3230 Flumiuez
795 3168 828 3221 et
841 3154 875 3221 in
888 3155 1016 3243 rapidas
1028 3157 1130 3224 amnis
1142 3157 1345 3245 despeximus
1358 3159 1479 3233 nudam

604 3258 724 3325 Stantis
738 3257 812 3345 equi
826 3281 943 3347 corpus
956 3272 1169 3325 transversum
1182 3260 1265 3327 ferre
1279 3259 1407 3327 videtur

603 3360 671 3440 vis,
687 3374 718 3425 et
732 3360 765 3424 in
780 3360 947 3425 adversum
962 3361 1082 3426 flumen
1096 3362 1285 3429 contrudere
1298 3362 1431 3451 raptim:

604 3462 662 3541 Et,
677 3482 869 3549 quocunque
882 3461 990 3528 oculos
1005 3463 1194 3553 trajecimus,
1208 3464 1314 3529 omnia
1327 3464 1404 3529 ferri

604 3564 650 3629 Et
665 3562 763 3628 fluere
776 3562 912 3627 adsimili
926 3564 1016 3632 nobis
1029 3566 1150 3634 ratione
1166 3565 1323 3632 videntur.
1386 3569 1437 3636 1b.
1453 3571 1526 3633 422,

517 3714 668 3791 luterus
684 3726 769 3791 suut
785 3716 848 3791 illu
870 3741 953 3812 quae
977 3732 1179 3814 sequuntur
1199 3731 1239 3793 et
1255 3722 1370 3819 magis
1390 3723 1438 3797 ad
1460 3723 1572 3799 animi

516 3842 657 3927 partem
674 3832 903 3925 pertinentia,

603 3969 650 4035 Et
662 3966 739 4054 quoi
753 3967 887 4055 quisque
902 3968 968 4037 feru
981 3970 1088 4037 stud'm
1100 3970 1267 4040 devinctus
1279 3971 1433 4051 adheret,

604 4070 678 4133 Aut
692 4068 809 4155 quibus
823 4069 855 4137 iu
870 4069 966 4135 rebus
980 4072 1118 4141 multum
1134 4096 1245 4142 sumus
1257 4088 1332 4143 ante
1345 4076 1470 4155 morati,
