3559 5575
547 537 837 615 PRAELECTIO
860 549 1030 615 PRIMA.
1293 548 1316 623 7

256 723 328 816 quo
354 725 489 796 adeon
515 745 684 796 sensuum
704 723 844 818 judicio
869 733 1020 809 remoto,
1044 733 1088 796 ut
1111 723 1175 794 vix
1196 727 1313 800 verbis

256 841 476 933 assequendo
492 841 695 925 videantur,
719 861 888 936 magnam
915 839 1029 911 nihilo
1054 840 1174 912 minus
1199 840 1238 913 in
1260 843 1313 915 af·

254 953 406 1026 feetibus
424 957 690 1028 commovendis
708 966 771 1028 out
788 956 965 1028 leniendis
982 957 1056 1028 vim
1074 958 1243 1030 habeant.

305 1071 540 1166 Quaecunqne
557 1073 594 1143 in
613 1073 789 1166 principio
806 1073 923 1167 operis
940 1073 997 1144 sui
1017 1073 1146 1146 statuit
1164 1074 1209 1145 de
1232 1074 1312 1146 uni·

254 1211 357 1260 versa
372 1213 412 1260 re
430 1190 589 1273 Poetico,
606 1189 763 1282 plurima
779 1190 866 1262 item
892 1213 975 1283 quae
998 1189 1037 1260 in
1059 1190 1211 1261 diversis
1232 1193 1310 1285 ejus

253 1305 415 1396 portibus
428 1306 654 1399 persequitur
666 1316 703 1378 et
714 1328 1027 1378 veruessecenseo
1039 1317 1076 1378 et
1089 1305 1312 1400 seitedispu-

254 1428 352 1490 tota:
370 1431 467 1491 certe
483 1423 577 1491 hanc
595 1421 662 1491 sibi
674 1422 776 1515 quasi
788 1421 970 1514 propriam
984 1421 1128 1492 leudem
1139 1421 1310 1505 vindieat,

252 1537 351 1629 quod
376 1537 551 1629 exemplis
577 1536 694 1609 utitur
716 1561 780 1630 per
802 1559 840 1608 oe
863 1536 1018 1620 eximiis,
1038 1547 1077 1608 et
1099 1560 1183 1629 quae
1204 1538 1311 1608 unice

252 1653 434 1744 proposito
463 1675 529 1724 suo
557 1653 678 1724 lumen
713 1653 911 1746 praebeant.
962 1651 1157 1747 Virgilium
1190 1653 1310 1725 forsan

252 1766 411 1840 studiose
427 1768 535 1840 nimis
548 1778 707 1841 sectatur
719 1769 848 1842 ducem
862 1793 870 1839 ε
889 1768 974 1839 huic
987 1791 1024 1840 ee
1037 1768 1195 1840 addicit:
1214 1771 1311 1842 hune

252 1885 428 1968 observat,
445 1895 595 1978 spectat,
612 1895 721 1969 amat,
739 1884 960 1968 admiratum
985 1885 1061 1958 fere
1077 1896 1120 1958 ut
1137 1885 1228 1957 nihii
1244 1907 1310 1980 pro

251 2009 331 2072 rato
348 2002 491 2086 habent,
503 2002 572 2073 nisi
588 2001 628 2072 id
644 2003 694 2072 ab
707 2023 749 2073 eo
762 2012 977 2094 usurpatum
991 2001 1124 2073 videat.
1150 2003 1259 2085 Quod
1270 2002 1311 2073 ni

250 2126 345 2188 esset
355 2117 491 2189 factum
510 2118 555 2190 de
569 2117 679 2189 Poeta
695 2121 802 2214 longe
819 2117 982 2188 omnium
999 2119 1309 2210 praestantissimo,

250 2234 356 2305 valde
389 2235 607 2327 culpandum
637 2235 740 2306 foret.
793 2233 922 2326 Neque
949 2233 989 2303 id
1015 2233 1133 2326 ipsum
1162 2235 1309 2306 omnino

250 2351 358 2442 culpo
381 2361 507 2422 vacat:
533 2349 703 2444 quoniam
728 2359 912 2443 praecepto
936 2350 1024 2420 artis
1051 2373 1099 2421 ex
1126 2361 1204 2422 arte
1230 2351 1310 2443 ipsu

250 2466 393 2548 ducere,
411 2465 499 2557 quid
522 2467 621 2536 aliud
643 2465 803 2558 proiecto
823 2474 890 2546 est,
907 2465 979 2534 nisi
1000 2465 1098 2536 idem
1122 2488 1188 2557 per
1212 2466 1308 2565 idem

250 2581 431 2672 probare?

304 2693 416 2764 Hunc
433 2717 504 2765 non
522 2693 573 2766 ito
589 2695 698 2789 longo
710 2693 880 2786 temporis
894 2695 1084 2765 intervallo
1097 2705 1309 2768 consecutus

250 2818 317 2893 est,
330 2832 438 2903 quem
451 2834 525 2881 suae
539 2810 657 2881 aetotis
671 2832 794 2880 omnes
812 2810 910 2881 omni
927 2810 1112 2881 literarum
1130 2811 1238 2882 laude
1253 2813 1309 2884 fo-

249 2926 317 2997 cile
333 2927 543 3019 praestitisse
560 2925 782 3019 accepimus3
807 2928 911 3021 cujus
928 2948 1036 3019 opera
1053 2936 1108 2998 est
1124 2928 1307 3013 effectum,

249 3051 292 3114 ut
309 3044 431 3116 Poenis
450 3046 701 3127 Hebraeorum,
719 3042 909 3138 magnifica
926 3042 989 3113 iiio
1005 3042 1151 3136 quidem
1171 3066 1213 3115 ac
1229 3067 1307 3138 prae

249 3161 389 3231 caetetis
406 3160 528 3231 divino
545 3160 667 3232 afflatu
686 3159 808 3255 digna,
815 3162 894 3254 jam
912 3182 986 3229 non
998 3169 1153 3231 vetustae
1170 3160 1307 3256 linguae

249 3278 445 3349 obsolescat
461 3276 629 3360 tenebris,
647 3278 711 3348 sed
726 3277 765 3346 in
782 3279 899 3347 lucem
917 3276 1068 3369 puodeut
1079 3279 1181 3371 justo
1198 3300 1307 3372 oppu-

248 3400 331 3462 rotu
349 3394 467 3465 cincto
483 3402 592 3486 atque
609 3391 824 3463 auctoritate
841 3414 917 3462 sua.
949 3390 1099 3482 ineptus
1115 3392 1236 3462 forsan
1253 3394 1307 3463 vi·

248 3506 346 3590 dean,
363 3508 449 3579 siin
467 3531 506 3578 re
523 3516 610 3577 nota
627 3529 669 3577 oc
686 3507 897 3600 pervulgata
914 3504 1051 3575 diutius
1068 3527 1132 3575 vos
1150 3506 1305 3580 retinere

249 3623 378 3695 velim:
405 3644 531 3695 venum
549 3624 642 3693 hunc
660 3644 681 3693 a
698 3621 798 3692 vobis
815 3630 902 3713 peto
917 3620 1072 3705 veniam,
1089 3622 1237 3715 utquid
1258 3626 1305 3697 de

248 3740 387 3830 optimo
401 3738 677 3832 doctissimoque
693 3736 839 3809 homine
856 3738 1021 3820 sentiam,
1037 3738 1161 3829 paucis
1184 3738 1305 3812 diceu-

248 3865 323 3926 tem
341 3856 507 3939 audiatis,
520 3854 720 3949 praesertim
739 3875 819 3926 cum
839 3855 885 3926 ed
903 3875 1081 3927 summum
1099 3858 1304 3952 argumenti

248 3970 322 4043 mei
337 3972 501 4043 nonnihil
518 3971 615 4043 iacit.
955 3968 958 3972 ’

255 4122 259 4130 ·
298 4088 424 4183 Atque
453 4088 543 4159 iliud
571 4087 716 4182 quidem
742 4108 814 4158 non
840 4086 984 4183 exiguae
1008 4108 1066 4159 ms
1092 4097 1149 4159 est
1174 4088 1302 4177 leudis,
1338 4104 1343 4111 ’

248 4204 344 4296 quod
361 4204 409 4275 ad
424 4226 513 4298 opos
530 4203 811 4300 aggrediendum
829 4204 982 4297 simplici
996 4214 1165 4297 castoque
1181 4203 1304 4274 animo

248 4320 407 4391 necessit.
432 4322 628 4415 Utcunque
644 4320 682 4392 in
700 4321 771 4391 Dei
787 4322 940 4393 oraculis
956 4318 1218 4414 pomoetondis
1238 4318 1304 4389 ali-

248 4424 340 4530 quid·
352 4436 509 4509 licentioe
520 4439 636 4510 inesse
650 4438 826 4522 videatur,
837 4438 927 4510 nihil
940 4439 978 4509 in
991 4441 1088 4509 huuc
1100 4433 1302 4507 istiusmodi

752 4572 774 4623 n
793 4558 816 4623 4
