3559 5575
346 93 588 154 Pam..
618 89 993 153 XXXIII.
1087 90 1215 153 DE
1264 90 1851 156 PHANTASIA.
2340 96 2471 166 429

448 263 726 325 Tectum
755 270 1125 346 augustum,
1156 259 1398 346 ingens,
1428 273 1681 325 centum
1713 260 1981 326 sublime
2007 261 2350 329 columnis:

341 382 437 444 at
481 371 677 465 quod
724 371 985 464 vulgus
1036 368 1463 462 scriptorum
1519 394 1717 442 mero
1775 373 1957 443 luxu
2016 383 2093 445 et
2144 376 2474 467 superbia

342 489 811 560 efficiendum
897 496 1184 579 putant,
1251 510 1470 580 quam
1536 490 1834 580 pulchre
1906 488 2104 561 idem
2178 493 2473 584 expedit

299 590 314 600 ’
341 603 732 698 Virgilius,
764 601 1147 695 propositis
1196 625 1450 697 regum
1501 602 1920 688 simulacriS‚
1955 628 2121 698 quae
2167 607 2474 699 priscam

340 719 599 814 gentis
633 717 1006 789 historiam
1040 716 1281 788 animo
1313 718 1672 790 obversari
1704 718 2016 792 faciant!

537 886 900 966 Quinetiam
932 898 1213 950 veterum
1245 885 1478 974 effigies
1506 910 1586 951 ex
1617 888 1837 953 ordine
1865 913 2130 955 avorum

539 989 831 1075 Antiqua
860 1011 895 1052 e
923 987 1133 1069 cedro,
1165 988 1519 1076 Italusque,
1549 1004 1857 1077 paterque
1890 992 2160 1057 Sabinus

541 1092 870 1170 vitisator,
891 1113 1150 1155 curvam
1181 1114 1433 1156 servans
1462 1093 1583 1156 sub
1611 1092 1884 1180 imagine
1911 1093 2172 1168 falcem,
2155 1119 2170 1134 ·

542 1194 981 1279 Saturnusque
1012 1214 1225 1270 senex,
1256 1194 1303 1256 J
1304 1215 1537 1279 amque
1564 1193 1901 1258 bifrontis
1886 1217 2121 1282 imago,

539 1293 870 1359 Vestibulo
897 1293 1267 1358 adstabant.
1316 1293 1549 1381 aliique
1577 1295 1660 1359 ab
1688 1295 1929 1383 origine
1958 1319 2159 1383 reges,

542 1397 784 1462 Martia
810 1397 922 1484 qui
951 1397 1035 1462 ob
1064 1396 1331 1484 patriam
1364 1398 1710 1484 pugnando
1739 1398 2002 1463 vulnera
2028 1399 2216 1487 passi.

1855 1503 2014 1566 ΖΕΝ.
2053 1503 2387 1572 v11.177.

469 1650 896 1722 Praeclarius
937 1650 1174 1720 adhuc
1223 1650 1654 1742 appellarem
1706 1650 2026 1744 ejusdem
2077 1651 2183 1722 rei
2234 1676 2476 1732 exem-

349 1769 594 1860 plum,
649 1768 860 1839 modo
915 1766 1166 1837 AEneae
1233 1788 1397 1836 cum
1460 1764 1803 1836 Evandro
1862 1767 2289 1859 colloquium
2352 1768 2477 1839 ad-

351 1884 632 1954 ducere
678 1882 784 1954 fas
830 1892 1016 1954 esset
1049 1881 1455 1977 integrum:
1511 1904 1653 1973 quo
1693 1881 1873 1950 nihil
1909 1905 2224 1974 unquam
2260 1882 2477 1974 scrip-

352 2009 531 2071 tum
565 2008 763 2090 puto,
794 1998 987 2091 quod
1022 1996 1339 2090 antiquis
1370 2020 1609 2067 rerum
1646 1996 1994 2067 coloribus
2027 1999 2186 2088 plus
2219 1998 2474 2090 gratiae

351 2116 630 2186 debeat
683 2138 767 2185 ac
821 2113 1237 2185 venustatis.
1342 2111 1569 2182 Novit
1617 2112 1937 2204 profecto
1990 2112 2316 2183 acerrimi
2367 2113 2478 2182 vir

351 2230 667 2325 ingenii,
701 2230 764 2301 si
797 2252 1117 2323 unquam
1151 2228 1325 2300 alias
1361 2227 1780 2321 antiquitati
1815 2230 2199 2300 haberetur
2232 2229 2476 2311 houna,

356 2343 723 2415 Romanis
763 2354 979 2426 certe,
1014 2353 1189 2413 tunc
1237 2341 1578 2434 temporis
1620 2342 1889 2413 divitiis
1923 2352 1997 2414 et
2031 2343 2209 2412 luxu
2245 2340 2479 2411 difflu-

354 2458 682 2541 entibus,
715 2458 1093 2551 pristinam
1135 2480 1285 2528 suae
1331 2456 1526 2528 urbis
1572 2468 1838 2528 sortem
1884 2466 2176 2526 narratu
2218 2456 2480 2548 jucun-

356 2575 542 2647 dam
591 2575 786 2656 fore3
837 2598 1024 2668 quae,
1066 2596 1209 2666 quo
1263 2572 1489 2667 magis
1542 2597 1585 2643 a
1634 2572 1908 2643 recenti
1966 2572 2479 2643 consuetudine

356 2693 811 2774 abhorreret,
845 2692 981 2762 hoc
1031 2699 1217 2761 esset
1258 2689 1353 2759 ad
1397 2689 1816 2762 excitandas
1860 2689 2261 2782 phantasiae
2295 2689 2480 2759 vires

358 2809 630 2902 aptior.
732 2808 947 2879 Unde
997 2806 1315 2900 profecto
1364 2806 1517 2877 fieri
1568 2808 1926 2889 existimO,
1967 2816 2118 2878 tam
2166 2805 2481 2875 studiose

360 2947 541 2997 eum
575 2923 650 2995 in
688 2924 883 2995 hisce
916 2922 1304 2995 referendis
1331 2921 1741 3014 exspatiari,
1769 2931 1845 2992 et
1867 2920 2263 3012 simplicem
2298 2919 2482 2990 anti-

359 3040 620 3135 quitus
654 3039 944 3111 vivendi
976 3061 1324 3119 normam,
1352 3048 1695 3130 tanquam
1731 3060 1885 3107 rem
1920 3034 2209 3130 ingenio
2244 3057 2373 3104 suo
2407 3045 2482 3105 et

363 3180 549 3227 cura
582 3155 873 3227 omnino
908 3154 1224 3250 dignam,
1260 3153 1523 3224 diserte
1556 3151 1968 3244 exposuisse
1997 3177 2014 3221 ε
2067 3173 2289 3243 quum
2331 3151 2484 3221 Ho-

362 3298 617 3346 merus
651 3284 923 3356 contra,
956 3272 1126 3344 licet
1159 3294 1390 3341 mores
1423 3269 1630 3340 istius
1665 3268 1806 3340 aevi
1849 3270 1944 3340 ad
1988 3290 2305 3362 unguem
2358 3292 2484 3340 ex-

363 3389 665 3482 primat,
710 3411 1064 3482 nusquam
1115 3398 1358 3459 tamen
1412 3386 1547 3455 hoc
1597 3384 1898 3455 artificio
1953 3384 2046 3455 ad
2094 3383 2484 3475 captandos

363 3506 677 3577 lectores
701 3504 814 3575 uti
835 3504 1184 3575 videatur.
1237 3502 1458 3573 Suam
1487 3500 1826 3572 nimirum
1862 3524 2007 3572 non
2041 3500 2483 3593 praeteritam

365 3630 672 3691 aetatem
698 3619 974 3714 pingit:
1010 3629 1138 3690 aut
1165 3617 1224 3689 si
1256 3616 1543 3711 quando
1579 3617 1674 3687 ad
1709 3616 2099 3688 vetustiora
2132 3615 2486 3708 respiciat,

363 3736 773 3808 fabulosam
843 3734 1071 3830 magis
1138 3734 1338 3827 sequi
1396 3755 1613 3827 quam
1670 3733 1976 3804 sobriam
2036 3732 2214 3802 solet
2269 3730 2487 3799 histo-

366 3852 587 3924 riam.

472 3970 670 4040 Sunt
690 3966 1037 4038 tamenin
1064 3975 1369 4059 utroque
1395 3967 1549 4059 ejus
1570 3974 1899 4057 poemate
1919 3984 2081 4056 quae
2107 3958 2484 4032 vetustatis
