3559 5575
467 179 532 242 114
841 173 966 240 PARS
988 172 1151 239 PRIMA
1289 173 1403 240 Pus.
1418 173 1524 242 VIII.

556 345 749 431 Servatoque
763 343 820 427 diu
835 356 953 410 resecta
964 343 1008 408 de
1022 357 1147 431 tergore
1160 355 1284 430 partem

554 447 735 535 Exiguam:
760 459 940 534 sectamque
953 446 1063 511 domat
1076 445 1271 512 ferventibus
1285 445 1388 512 undis

1172 551 1272 614 Mar.
1288 551 1389 614 VIII.
1404 548 1478 615 682

469 661 509 733 Si
525 661 605 756 quis
625 663 705 732 haec
728 661 903 734 attentius
924 659 1102 753 inspiciet,
1118 661 1184 731 rix
1201 684 1342 732 versum
1367 661 1527 755 aliquem

469 788 533 850 eut
560 777 773 870 particulam
799 800 922 848 versus
952 800 1017 848 suo
1040 786 1221 848 carentem
1244 776 1402 870 pondere
1423 800 1528 869 repe-

468 893 559 966 riet:
585 893 675 964 adeo
701 891 821 963 omnia
843 914 926 985 quae
947 890 986 961 in
1007 891 1105 962 hunc
1121 891 1333 962 humillimae
1350 891 1437 962 vitae
1453 901 1529 963 sta-

469 1017 550 1079 tum
566 1006 796 1091 conveniunt,
814 1015 852 1077 et
868 1004 961 1076 vidit
976 1005 1121 1097 penitus
1137 1016 1175 1077 et
1192 1006 1323 1078 diserte
1339 1006 1527 1100 nitideque

469 1122 655 1216 explicuit.
707 1120 849 1194 Pariter
866 1119 997 1191 deinde
1019 1119 1067 1192 sd
1088 1130 1230 1192 cunam
1255 1121 1383 1193 domus
1408 1123 1528 1216 supel-

468 1239 637 1326 lectilem,
654 1248 692 1311 et
709 1261 795 1310 mox
811 1236 859 1310 ad
875 1235 985 1329 dapes
1001 1235 1218 1308 enarrandas
1234 1237 1364 1336 pergit.

947 1349 1029 1414 Erat
1043 1347 1151 1414 alveus
1164 1348 1227 1414 illie

557 1451 728 1542 Fagineus,
744 1450 826 1515 dure
839 1449 928 1515 clavo
942 1473 1113 1538 suspensus
1126 1450 1168 1516 sb
1182 1474 1275 1516 ansa:

556 1555 588 1620 Is
601 1551 716 1639 tepidis
731 1550 880 1640 impletur
894 1552 1003 1639 aquis:
1028 1566 1179 1640 artusque
1193 1551 1346 1618 fovendos

557 1654 702 1741 Accipit:
728 1654 760 1718 in
774 1651 879 1718 medio
894 1667 983 1719 torus
997 1669 1044 1720 est
1058 1655 1099 1721 de
1113 1655 1261 1720 mollibus
1275 1655 1357 1720 ulvis

559 1757 734 1846 Impositus
746 1757 839 1836 lecto,
854 1757 986 1845 sponda,
1000 1757 1201 1845 pedibusque
1214 1757 1351 1846 salignis.

557 1859 706 1926 Vestibus
719 1860 805 1924 hunc
821 1858 938 1938 velant,
953 1882 1035 1947 quas
1048 1882 1112 1924 non
1125 1861 1185 1924 nisi
1199 1873 1340 1948 tempore
1352 1861 1435 1925 festo

559 1964 705 2030 Sternere
719 1976 927 2037 consuerant:
950 1961 1007 2028 sed
1021 1976 1053 2027 et
1066 1961 1135 2029 hoec
1149 1961 1283 2050 vilisque
1296 1977 1451 2054 vetusque

558 2066 661 2132 Vestis
675 2081 762 2142 erat:
785 2065 867 2132 lecte
881 2077 987 2132 tamen
1000 2064 1089 2130 haud
1102 2064 1234 2152 indigns
1248 2065 1377 2154 saligno.

557 2169 749 2240 Accubuere
763 2167 843 2234 Dei:
866 2190 1005 2234 mensam
1020 2167 1179 2234 succincta
1192 2182 1392 2258 tremensque

559 2274 656 2338 Ponit
669 2297 767 2338 anus:
791 2294 908 2336 mensae
922 2271 977 2336 sed
992 2283 1060 2335 erat
1073 2293 1130 2357 pes
1144 2270 1256 2336 tertius
1270 2270 1390 2359 impar:

559 2375 660 2439 Testa
673 2396 781 2461 parem
795 2373 868 2438 fecit
879 2398 889 2452 3
911 2396 984 2459 quse
999 2384 1168 2460 postquam
1183 2370 1310 2437 subdita
1323 2371 1439 2439 clivum

560 2473 711 2554 Sustulit,
723 2488 879 2562 aequatam
894 2488 1009 2539 mentae
1024 2488 1139 2539 tersere
1151 2474 1298 2540 virentes.

522 2580 692 2651 Ferculas
708 2577 836 2651 itidem
852 2601 986 2651 mensae
1002 2577 1188 2672 impositas
1205 2580 1302 2652 nude
1318 2605 1360 2652 ac
1373 2581 1527 2654 fideliter

472 2694 644 2789 exponit:

560 2808 755 2897 Intubaque,
770 2822 803 2873 et
817 2807 920 2887 radix,
935 2821 967 2874 et
980 2808 1070 2874 lactis
1083 2831 1185 2875 mssss
1198 2810 1310 2891 coacti,
1422 2840 1426 2853 ·

560 2911 705 2999 Ovaque,
720 2932 784 2975 non
798 2910 862 2977 acri
875 2908 987 2977 leviter
1000 2922 1124 2976 rerssta
1136 2910 1264 2986 favilln

560 3012 677 3079 Omnia
688 3012 845 3079 fictilibus.

474 3116 572 3189 Tum
589 3128 670 3212 post
685 3119 804 3212 paulo,

560 3232 665 3299 Parva
679 3254 768 3297 mors
780 3244 846 3307 est;
871 3228 1044 3318 epulasque
1059 3229 1247 3297 loci-misere
1259 3229 1411 3298 calentem

561 3334 630 3398 Neo
643 3333 747 3421 longae
761 3356 871 3399 rursus
885 3332 1067 3399 referuntur
1080 3333 1155 3399 vina
1167 3345 1318 3399 senectae:

561 3434 713 3521 Denique
726 3434 831 3500 locum
845 3435 961 3499 mensis
974 3434 1118 3523 paullum
1133 3434 1263 3501 seducta
1276 3434 1432 3503 secundis.

563 3534 629 3599 Hic
643 3557 722 3613 nux,
737 3535 789 3600 hic
803 3536 895 3601 mista
908 3550 956 3601 est
969 3537 1093 3625 rugosis
1106 3537 1209 3603 carica
1222 3536 1346 3625 palmis,

562 3637 747 3725 Prunaque‚
762 3650 794 3703 et
807 3637 841 3703 in
855 3636 972 3726 patulis
985 3639 1158 3706 redolentia
1171 3639 1255 3705 mala
1267 3638 1420 3720 canistris,

561 3738 608 3803 Et
621 3739 662 3803 de
676 3741 845 3829 purpureis
857 3741 996 3808 collectse
1009 3742 1127 3808 vitibus
1141 3766 1222 3809 uvae.

563 3840 729 3909 Candidus
742 3842 774 3907 in
789 3844 893 3910 medio
906 3844 1000 3909 larus
1013 3858 1081 3911 est:
1105 3844 1320 3934 superomnia
1333 3842 1442 3911 vultus

561 3949 732 4015 Accessere
745 3946 832 4028 boni,
847 3970 905 4014 nec
917 3948 1020 4036 inops,
1033 3972 1218 4037 pauperque
1233 3946 1387 4013 voluntas
1397 4044 1471 4111 md

1438 4069 1449 4109 l
1475 4094 1483 4108 .
