3559 5575
533 144 755 207 Pam..
789 143 900 206 vl.
1181 142 1312 204 DE
1363 140 1993 205 IMIT-ATIONE.
2557 142 2644 204 83

528 315 808 386 Similia
859 326 1028 386 sunt
1075 315 1206 399 his,
1260 339 1425 408 quae
1473 315 1548 386 in
1604 314 1997 386 minoribus
2049 313 2317 400 Poetis,
2352 312 2642 399 Ovidio,

427 520 450 538 .
527 431 849 514 Lucam,
887 431 1141 502 Italico
1190 455 1335 501 non
1381 440 1535 501 tam
1586 429 1910 501 invenire
1957 439 2067 501 est
2101 429 2387 501 difficile
2421 453 2638 524 quam

527 570 621 618 ex
651 547 964 617 inventis
998 570 1363 618 secernere
1401 546 1627 641 magis
1654 557 1845 638 apta.
1918 545 2210 616 Nemini
2243 569 2410 617 vero
2445 555 2638 637 post-

528 663 897 734 habendus
931 673 1039 733 est
1071 662 1149 732 in
1183 665 1316 733 hac
1355 664 1571 734 laude
1618 663 1918 746 Statius„
1952 685 2166 755 quem
2219 662 2373 733 sine
2420 661 2639 733 dubio

527 779 856 872 proximo
893 790 1050 870 post
1071 777 1456 873 Virgilium
1485 780 1639 849 loco
1673 778 2189 870 adscripserim,
2218 778 2367 849 sive
2401 778 2474 847 in
2514 801 2640 848 na-

529 905 694 966 tura
719 916 958 965 rerum
986 903 1321 965 accurate
1343 903 1418 964 et
1442 892 1671 964 nitide
1696 893 2126 986 explicanda
2150 893 2299 965 sive
2323 894 2398 963 in
2428 895 2640 965 affec-

531 1010 726 1081 tibus
750 1008 1134 1080 lenioribus
1161 1009 1691 1080 commovendis
1713 1018 2059 1080 versetur.
2112 1009 2297 1092 Quae
2332 1031 2641 1102 sequun-

530 1135 656 1197 tur
687 1149 781 1196 ex
815 1126 951 1196 hoc
984 1125 1325 1217 scriptore
1358 1126 1699 1217 decerpta
1729 1125 1807 1196 in
1841 1149 1928 1196 eo
1951 1148 2213 1219 genere
2239 1136 2638 1196 memoratu

531 1240 751 1336 digna
772 1240 1121 1337 judicavi,
1156 1241 1350 1335 quod
1383 1264 1429 1311 a
1462 1241 1827 1312 communi
1859 1241 2017 1312 visu
2063 1240 2448 1312 remotiora
2495 1264 2639 1311 non

529 1357 907 1458 ambitiose>
936 1359 1064 1431 sed
1097 1358 1274 1430 scite
1306 1382 1392 1431 ac
1425 1358 1820 1451 prudenter
1841 1358 1919 1429 in
1953 1359 2185 1429 lucem
2222 1367 2614 1450 promovet.

632 1474 721 1546 In
755 1475 970 1547 tertio
996 1475 1406 1546 Thebaidos
1443 1475 1527 1545 M
1532 1497 1714 1558 aeon,
1739 1474 2099 1568 Apollinis
2124 1483 2349 1557 vates,
2374 1475 2638 1546 lethale

528 1592 788 1662 vulnus
820 1615 951 1662 sua
983 1590 1118 1663 sibi
1151 1614 1368 1664 manu
1402 1591 1644 1675 infert,
1679 1614 1892 1685 quem
1928 1591 2032 1663 sic
2064 1590 2560 1685 prosequitur;

1592 1730 1698 1794 ille
1726 1730 1930 1795 dolori

704 1835 986 1920 Pugnat,
1014 1846 1080 1898 et
1107 1834 1425 1921 ingentem
1457 1833 1615 1898 nixu
1645 1832 2006 1920 duplicatus
2032 1833 2100 1898 in
2128 1834 2322 1899 ictum

707 1936 989 2014 Corruit,
1019 1937 1440 2023 extremisque
1466 1936 1695 2000 animoe
1721 1935 2105 2023 singultibus
2133 1958 2348 1999 errans

709 2039 1014 2102 Alternus
1042 2061 1211 2102 nunc
1239 2061 1346 2102 ore
1376 2038 1572 2118 venit,
1601 2059 1770 2102 nunc
1800 2036 2059 2102 vulnere
2086 2037 2358 2123 sanguia.

1758 2141 1967 2204 err.
2000 2141 2235 2203 Tuan.
2269 2139 2415 2203 111.
2448 2141 2555 2203 88.

535 2281 797 2375 Neque
843 2280 1334 2353 inconcinnius
1379 2281 1558 2353 illud
1609 2281 1683 2352 in
1737 2281 1988 2353 eodem
2047 2280 2227 2354 libro
2277 2279 2641 2353 cadaveris

533 2397 858 2470 defuncti
890 2398 1168 2469 dudum
1202 2408 1278 2470 et
1308 2397 1610 2494 rigentis
1644 2398 1951 2492 speciem
1987 2399 2246 2481 refert;

1506 2553 1650 2616 pars
1677 2529 1918 2618 spicula
1946 2530 2171 2596 dextra

705 2632 1143 2720 Nequicquam
1158 2641 1465 2720 parcente
1492 2633 1773 2700 trahunt.
1968 2636 2197 2698 TnEn.
2235 2634 2377 2698 111.
2399 2633 2549 2696 130.

536 2752 1136 2846 Hippomedontis
1176 2754 1482 2850 figuram
1528 2778 1712 2849 equo
1756 2755 2006 2849 rapide
2055 2755 2417 2826 invectam
2470 2751 2642 2840 sim-

532 2868 703 2962 plici
735 2869 906 2940 satis
937 2892 1015 2940 re
1050 2870 1176 2941 sed
1208 2894 1353 2940 non
1388 2871 1586 2965 vulgi
1621 2896 1752 2941 usu
1791 2870 2100 2941 contrita
2133 2870 2452 2940 denotat.

711 3004 906 3069 Illum
936 3003 1222 3069 Palladia
1249 3005 1496 3093 sonipes
1524 3007 1862 3069 Nemeaeus
1890 3004 1972 3068 ab
2002 3026 2143 3067 arce

710 3105 990 3171 Devehit
1016 3128 1192 3170 arma
1219 3127 1485 3193 pavens:
1536 3107 1885 3191 umbraque
1913 3104 2186 3168 immane
2215 3102 2448 3168 volanti

712 3207 950 3296 Implet
977 3230 1182 3295 agros,
1213 3208 1532 3295 longoque
1559 3206 1791 3272 attollit
1821 3205 2082 3294 pulvere
2108 3229 2420 3295 campum.

1994 3310 2225 3375 Tuta.
2261 3311 2376 3375 IV.
2404 3312 2548 3381 137.

536 3439 678 3511 Cui
723 3463 869 3511 non
913 3440 1126 3534 longe
1171 3439 1416 3512 differt
1450 3440 1883 3512 certantium
1931 3438 2005 3511 in
2060 3439 2374 3534 equestri
2425 3465 2634 3513 cursu

535 3555 712 3626 levis
745 3556 1236 3639 adumbratim

710 3741 800 3804 Et
818 3740 952 3828 jam
982 3740 1149 3830 rapti
1177 3739 1394 3821 oculis,
1419 3741 1553 3828 jam
1584 3765 1749 3807 caeoo
1778 3740 2038 3830 pulvere
2068 3742 2249 3808 mixti

721 3844 868 3908 Una
895 3846 968 3907 in
995 3845 1159 3908 nube
1185 3841 1400 3909 latent.
1981 3846 2217 3911 Tusa.
2250 3848 2366 3911 VI.
2400 3849 2550 3912 411.

539 4021 628 4093 In
681 4023 836 4094 loco
882 4023 1202 4118 ejusdem
1247 4022 1595 4116 poematis
1644 4024 2124 4115 pulcherrimo
2173 4022 2298 4095 ubi
2333 4022 2644 4120 Argivo-

1521 4156 1577 4206 G
1614 4144 1660 4207 2
