3559 5575
463 574 507 638 88
832 567 953 632 PARS
977 566 1138 631 PRIMA
1313 568 1425 630 Pseu.
1442 566 1518 630 111.

461 755 561 839 puto,
586 751 776 836 propterea
803 763 883 812 cam
906 743 975 812 hoc
1001 742 1079 813 loco
1101 737 1287 832 praeterire
1312 739 1423 825 nolui,
1448 739 1519 810 etsi

462 858 585 953 procul
611 857 703 928 absit
726 856 772 926 ab
794 877 838 927 ea
861 852 1070 927 Imitatione
1086 877 1196 948 quam
1221 853 1402 946 praecipue
1419 878 1520 948 quae-

462 973 586 1044 rimus.
611 973 648 1042 N
651 995 720 1044 unc
737 971 784 1043 ad
801 973 935 1066 majora
947 971 1115 1064 quaedam
1128 981 1166 1041 et
1182 969 1348 1065 graviora
1359 980 1520 1041 transea-

465 1113 557 1159 mus.

514 1205 608 1275 Sunt
633 1204 744 1300 igitur
769 1204 831 1298 qui
857 1203 1032 1296 imprimis
1058 1202 1265 1274 universum
1288 1203 1356 1273 hoc
1379 1213 1519 1272 naturae

464 1343 602 1412 corpus,
620 1321 716 1415 quod
741 1321 851 1392 oculis
876 1320 1056 1391 cernimus
1072 1319 1239 1412 quodque
1264 1317 1385 1389 animo
1401 1317 1519 1388 conci·

464 1460 549 1530 pere
575 1462 617 1508 ac
642 1437 831 1530 complecti
858 1439 1029 1520 valemus,
1056 1458 1128 1506 non
1155 1444 1291 1505 temere
1317 1434 1519 1504 labentibus

467 1554 593 1626 seculis
609 1554 706 1638 ferri,
724 1555 786 1626 sed
803 1554 911 1625 certis
936 1564 1098 1624 constare
1122 1549 1309 1623 elementis
1333 1559 1517 1630 statuunt3

467 1671 600 1764 quippe
627 1681 781 1742 aeternas
809 1669 915 1740 rebus
943 1667 1129 1760 impositas
1157 1689 1233 1738 esse
1257 1666 1365 1758 leges,
1391 1665 1520 1758 quibus

466 1785 585 1856 omnia
599 1795 636 1855 et
653 1777 810 1856 humana
823 1793 861 1855 et
873 1783 1031 1856 coelestia
1043 1781 1305 1852 contineantur.
1334 1780 1433 1850 Hinc
1448 1789 1520 1850 sta-

467 1901 554 1976 biles
575 1911 613 1970 et
636 1911 825 1992 perpetuas
851 1922 971 1969 rerum
994 1908 1136 1969 exstare
1161 1899 1304 1980 formas,
1320 1898 1416 1967 leves
1441 1896 1519 1967 illas

466 2015 612 2109 quidem
638 2024 676 2085 et
701 2039 723 2086 a
750 2015 910 2086 sensibus
936 2017 1144 2097 abstractas,
1169 2036 1258 2107 quas
1279 2035 1395 2106 neque
1422 2012 1521 2083 nasci

468 2153 627 2223 unquam
649 2141 713 2201 aut
733 2130 879 2202 interire
897 2132 1034 2213 volunt,
1050 2153 1167 2222 neque
1193 2127 1429 2198 mutationem
1455 2126 1520 2198 ali·

469 2269 578 2340 quam
593 2256 656 2317 aut
669 2245 829 2317 defectus
842 2247 928 2339 pati.
958 2247 1001 2317 In
1017 2248 1080 2316 has
1092 2255 1212 2317 autem
1226 2243 1384 2315 incidere
1397 2243 1520 2315 Poetae

389 2411 392 2418 -
469 2373 639 2444 mentem,
652 2363 739 2433 dum
756 2364 827 2432 huc
843 2362 928 2433 illuc
946 2362 1065 2432 delata
1080 2359 1205 2452 rapido
1220 2359 1425 2452 volucrique
1441 2382 1521 2429 cur-

469 2503 509 2551 su
529 2489 642 2550 totam
660 2488 876 2574 pervagatur
893 2490 1033 2549 naturae
1048 2476 1197 2556 faciem
1224 2478 1288 2545 has
1304 2475 1409 2546 avide
1434 2477 1521 2547 hau-

468 2595 549 2678 rire,
566 2594 664 2666 intus
680 2594 813 2678 fovere,
827 2603 863 2665 et
880 2594 1027 2664 tandem
1045 2590 1187 2683 proprio
1200 2591 1332 2661 vestitu
1349 2600 1388 2660 et
1405 2591 1520 2660 colore

467 2711 637 2803 praeditas
663 2712 866 2782 effundere:
894 2710 978 2780 hinc
1002 2731 1074 2780 non
1100 2709 1220 2779 fictam
1247 2719 1285 2779 et
1311 2708 1519 2777 mendacem

471 2827 625 2919 exprimi
651 2827 713 2897 sed
739 2826 858 2896 vivam
886 2826 1134 2921 integramque
1157 2848 1277 2896 rerum
1304 2823 1519 2919 imaginem:

471 2943 556 3013 hinc
581 2942 818 3012 imitationem
843 2941 942 3011 illam
959 2966 1042 3013 vere
1059 2942 1244 3014 Poeticam
1260 2939 1368 3011 nullis
1385 2952 1522 3032 tempo-

472 3080 565 3140 rum,
595 3066 658 3127 aut
683 3056 888 3151 linguarum
923 3069 987 3128 aut
1021 3058 1184 3153 gentium
1213 3057 1342 3128 finibus
1372 3056 1522 3127 circum·

473 3174 653 3266 scriptam,
680 3174 742 3244 sed
767 3173 899 3267 ubique
926 3177 1127 3246 naturalem
1153 3183 1191 3245 et
1212 3172 1460 3255 necessariam,
1485 3180 1523 3242 et

472 3290 643 3384 quamdiu
661 3289 789 3361 iisdem
806 3291 915 3363 stabit
931 3301 1062 3363 natura
1078 3290 1217 3385 legibus
1233 3290 1455 3361 duraturam.

524 3406 643 3477 Multa
661 3415 745 3477 sunt
762 3430 846 3477 sane
863 3406 900 3476 in
919 3409 1011 3478 hanc
1035 3406 1251 3477 sententiam
1267 3429 1289 3475 a
1305 3402 1523 3501 gravissimis

471 3526 755 3619 doctissimisque
771 3524 857 3595 viris
874 3523 1019 3607 tradita,
1036 3522 1177 3615 quibus,
1190 3521 1258 3592 etsi
1274 3519 1379 3591 abiis
1395 3542 1435 3589 re
1452 3542 1522 3589 non

472 3645 627 3714 multum
639 3644 813 3727 differam,
824 3652 946 3712 tamen
964 3639 1001 3710 in
1019 3637 1202 3731 principiis
1213 3637 1346 3708 artium
1358 3635 1524 3709 eruendis

473 3758 528 3829 uti
548 3760 699 3837 nollem;
724 3757 856 3849 quippe
874 3779 956 3849 quae
973 3755 1018 3826 ad
1036 3754 1158 3824 divina
1174 3753 1235 3823 illa
1253 3752 1414 3824 Platonis
1431 3774 1525 3823 som-

474 3872 534 3942 nia
551 3872 695 3964 propius
712 3870 879 3942 accedere
896 3871 1076 3953 videntur,
1087 3879 1125 3940 et
1137 3868 1282 3940 veritati
1298 3867 1524 3960 splendidum

475 3988 595 4083 potius
612 3986 833 4056 circumdare
853 3986 1036 4070 amictum,
1054 4009 1162 4079 quam
1187 3985 1301 4078 ipsam
1328 3983 1525 4076 simplicem

476 4130 518 4177 ac
543 4105 677 4174 nudam
698 4103 939 4195 quaerentibus
964 4113 1172 4173 monstrare.
1225 4101 1357 4183 Quare,
1382 4109 1425 4170 ut
1449 4100 1526 4169 haec

476 4219 724 4292 fervidioribus
754 4218 906 4313 ingeniis
937 4219 1053 4312 spatia
1081 4217 1319 4310 percurrenda
1349 4214 1526 4306 relinqua·

405 4342 411 4357 '
476 4362 568 4421 mus,
592 4346 700 4431 atque
727 4335 795 4428 ipsi
820 4335 970 4431 vestigia
998 4334 1111 4429 magis
1137 4334 1175 4404 in
1200 4344 1281 4405 tuto
1302 4332 1526 4423 collocemus,

476 4454 602 4526 formae
628 4475 748 4525 rerum
774 4451 971 4546 dequibus
998 4452 1194 4544 loquuntur
1220 4448 1267 4519 ad
1286 4447 1357 4518 tria
1381 4444 1526 4519 omnino
