3559 5575
496 101 563 166 314
599 95 723 163 PARS
739 93 966 166 SECUNDA
981 93 1046 158 DE
1061 93 1266 158 AFFECT.
1291 91 1409 159 Peru..
1421 93 1573 161 xxlv.

496 273 622 361 fertur,
641 293 754 366 quum
782 293 806 340 a
830 269 974 340 Caesare
997 265 1134 362 Ligarii
1157 265 1272 339 vitam
1302 267 1413 339 enixe
1444 289 1573 352 orans,

497 387 640 459 “Nihil
665 388 754 469 est,'’‘
768 383 900 479 inquit,
918 393 1029 456 “tam
1055 371 1228 475 populeis
1257 404 1367 476 quom
1393 384 1570 456 bonitas:

495 513 519 548 ⁴⁶
536 505 637 576 nulia
661 503 707 572 de
723 500 920 572 virtutibus
944 498 1018 571 tuis
1043 497 1208 592 plurimis
1231 521 1301 569 nec
1324 499 1478 594 gratior,
1496 521 1573 572 nec

495 615 778 691 “admirabilior
808 613 1052 686 misericordia
1080 623 1156 695 θεῖς
1181 615 1345 686 homines
1377 615 1482 686 enim
1517 618 1569 688 nd

495 737 620 806 “deos
637 733 738 803 nulla
753 753 793 802 re
809 729 956 822 propius
977 729 1165 812 accedunt,
1182 752 1292 821 quam
1314 731 1472 801 salutem
1500 733 1568 804 bo-

496 860 519 893 “
537 848 693 922 minibus
710 845 830 918 dando
840 847 886 916 ⁸.”

539 963 626 1037 'Has
644 973 765 1035 autem
780 959 988 1044 sententias,
1001 981 1082 1030 raro
1095 957 1207 1031 Graia
1219 970 1283 1031 am
1293 960 1464 1032 Romana
1475 985 1567 1034 auc-

496 1082 643 1155 toritate
661 1079 830 1164 munitas,
847 1099 958 1148 sacrae
975 1075 1164 1168 scripturae
1179 1076 1287 1150 lectio
1302 1078 1403 1173 large
1426 1102 1566 1172 suppe-

496 1198 647 1270 ditabit:
666 1218 738 1289 quo
750 1193 896 1288 quidem
908 1213 956 1261 ex
967 1189 1069 1261 fonte
1080 1202 1272 1284 perpetuas
1285 1192 1433 1264 haurire
1444 1216 1562 1288 aqum

495 1311 639 1406 poterit,
654 1308 859 1404 quicunque
876 1328 919 1377 eo
935 1301 1060 1376 sedulo
1076 1329 1115 1377 se
1130 1316 1338 1389 convertat3
1356 1330 1480 1402 neque
1496 1311 1562 1380 ali.

494 1428 592 1500 unde
615 1427 787 1519 majorem
814 1421 1002 1516 conquiret
1026 1443 1147 1492 rerum
1175 1420 1326 1514 copiam,
1352 1422 1562 1518 siquando

495 1551 559 1614 ant
575 1541 725 1613 affectus
742 1539 838 1609 volet
855 1537 1010 1630 optimos
1027 1537 1211 1621 suscitare,
1227 1548 1293 1608 aut
1313 1549 1478 1609 mentem
1503 1540 1562 1611 in·

494 1657 649 1728 formare
665 1653 866 1748 praeceptis,
877 1663 927 1737 et,
939 1663 1117 1746 quantum
1134 1652 1273 1746 patitur
1284 1653 1456 1726 bumanae
1467 1655 1562 1728 vitae

496 1795 581 1855 sors,
599 1779 765 1844 concreta
781 1771 861 1841 labe
877 1789 1032 1864 purgare

583 1915 763 1982 AEtherium
778 1935 914 1993 sensum,
929 1926 1026 1999 atque
1039 1909 1128 1976 aurai
1142 1909 1291 1999 simplicis
1303 1912 1422 2000 ignem.

822 2124 834 2152 ¹
848 2113 931 2172 Orat
946 2130 999 2191 pro
1013 2109 1108 2190 Ligur.
1123 2109 1154 2170 in
1167 2111 1235 2171 fine.
