3559 5575
335 161 562 224 Pam..
596 158 812 223 XXI.
1028 158 1157 223 DE
1201 159 1835 225 AFFECTIBUS.
2322 160 2451 233 m

332 332 575 404 laxius
597 330 764 413 dici,
788 341 1166 424 propterea
1189 332 1384 425 quod
1401 327 1774 426 prodesse
1797 327 1999 403 illud
2023 332 2349 404 omnium
2374 345 2454 407 et

335 448 604 519 artium
639 457 716 519 et
745 445 1206 517 scientiarum
1240 456 1427 519 esset
1451 469 1876 528 commune;
1908 457 1983 519 et
2008 448 2311 540 proinde
2342 473 2455 522 m-

334 564 481 635 tius
528 573 640 635 est
674 562 972 633 ductum
1018 573 1378 655 praecepta
1425 585 1710 634 morum
1754 573 1831 634 et
1875 586 2131 658 graves
2175 565 2268 636 de
2298 565 2454 637 vita

337 689 411 750 et
445 678 692 749 officiis
726 678 1061 748 humanis
1095 679 1487 751 sententias
1521 680 1614 751 ad
1658 676 2230 751 instrumentum
2273 680 2451 751 artis

336 816 483 864 non
519 793 615 863 ad
624 791 863 883 finem
896 792 1185 864 referre.

442 908 718 1002 Magna
751 908 1216 999 proculdubio
1240 907 1447 978 estin
1483 909 1835 1000 poematis
1868 909 2268 1002 praesertim
2300 932 2453 981 ma-

330 1022 614 1117 joribus
648 1021 845 1110 ἦθικοῧ
875 1021 1067 1093 illius
1091 1023 1360 1094 virtus:
1393 1047 1628 1117 neque
1660 1027 1799 1095 hoc
1832 1025 1895 1096 si
1926 1025 2219 1096 omnino
2242 1026 2453 1108 desit,

341 1138 668 1210 versibus
701 1138 814 1208 vel
845 1137 1341 1230 pulcherrimis
1373 1138 1500 1209 diu
1535 1149 1825 1210 tenetur
1856 1141 2160 1210 animus.
2226 1140 2457 1221 Quin-

336 1251 492 1323 imo
538 1252 854 1323 maxime
902 1251 982 1322 id
1032 1252 1341 1323 hominis
1390 1263 1675 1324 naturae
1725 1254 1982 1325 honori
2039 1277 2191 1325 esse
2249 1254 2455 1337 duco,

337 1367 535 1461 quod
567 1366 663 1438 sit
698 1367 910 1437 modo
944 1367 1220 1460 aliquid
1253 1367 1390 1459 pie,
1422 1370 1666 1460 probe,
1690 1368 2023 1462 benigne,
2056 1368 2455 1462 magnifice,

338 1482 701 1573 sapienter
733 1480 1033 1563 dictum,
1068 1481 1302 1575 erigat
1335 1505 1410 1552 se
1446 1481 1716 1564 statim,
1751 1482 2035 1553 animus
2081 1483 2451 1566 auditoris,

336 1595 636 1666 —dicto
702 1597 1104 1666 mulceatur
1170 1606 1299 1667 aut
1355 1596 2196 1668 calescat—sententiam
2259 1598 2453 1668 ultro

341 1712 769 1803 probet—et
828 1711 1187 1783 dicentem
1253 1713 1497 1784 favore
1563 1712 1874 1805 quodam
1959 1724 2450 1806 prosequatur.

345 1826 618 1897 Contra
665 1838 931 1915 autem,
975 1851 1141 1922 quae
1191 1842 1510 1899 mentem
1558 1828 1958 1919 improbam
2010 1840 2087 1897 et
2119 1827 2452 1900 vitiosam
2493 1904 2504 1920 ,

345 1942 772 2035 significant,
807 1943 971 2014 odio
1004 1953 1081 2014 et
1105 1933 1372 2036 iniquis
1403 1944 1695 2015 auribus
1730 1944 1952 2013 etiam
1985 1943 2297 2036 improbi
2325 1967 2457 2014 ex·

345 2056 648 2149 cipiunt,
683 2067 760 2129 et
793 2058 997 2151 quasi
1029 2058 1384 2130 discordia
1422 2057 1664 2151 aliqua
1705 2058 2265 2141 offenderentur,
2299 2066 2453 2128 tota

345 2174 634 2245 theatra
665 2175 1083 2244 reclamant.

448 2288 809 2369 Quoniam
868 2287 1093 2383 igitur
1150 2289 1344 2358 hunc
1401 2287 1483 2357 in·
1533 2287 1831 2358 modum
1885 2310 2087 2358 mens
2140 2288 2457 2358 humana

345 2405 580 2474 multo
611 2415 782 2475 ante
816 2403 1163 2497 disposita
1193 2412 1305 2475 est
1337 2427 1423 2474 ac
1454 2414 1883 2496 praeparata,
1919 2402 2169 2474 Poetae
2211 2401 2459 2494 impri-

346 2517 486 2588 mis
536 2541 730 2589 curae
775 2517 938 2601 erit,
969 2541 1064 2589 ne
1107 2518 1403 2610 optimae
1449 2518 1619 2590 huic
1654 2517 2008 2588 voluntati
2052 2516 2280 2589 obsit:
2333 2518 2458 2589 de-

343 2632 538 2716 inde,
574 2633 685 2705 uti
729 2656 888 2705 eam
930 2633 1176 2705 sedulo
1209 2642 1501 2704 tueatur
1532 2643 1608 2704 et
1641 2635 2015 2704 colat—ut
2048 2643 2454 2725 torpentem

345 2748 806 2822 reficiat—ut
837 2751 1169 2822 hebetem
1211 2759 1289 2821 et
1330 2749 1611 2846 pigram
1656 2765 1895 2833 acuat,
1928 2750 2296 2832 accendat,
2330 2772 2455 2820 au-

345 2875 706 2960 geat—ut
738 2888 994 2959 vagam
1029 2866 1424 2959 rudemque
1457 2865 2105 2957 informet—justis
2143 2864 2458 2934 instruat

347 2978 664 3052 consiliis
739 2979 1347 3071 monitisque—et
1417 2979 1682 3071 sopitos
1749 2977 2042 3048 virtutis
2108 2977 2459 3070 igniculos

346 3094 559 3191 quasi
591 3116 768 3164 aura
807 3092 1101 3164 admota
1143 3092 1461 3164 suscitet.
1564 3093 1733 3162 Hoc
1773 3102 2019 3162 autem
2068 3114 2213 3161 non
2263 3100 2463 3161 recta

347 3219 744 3304 apertaque
775 3207 1174 3299 disciplina,
1197 3207 1783 3300 philosophorum
1811 3228 2033 3287 more,
2057 3206 2184 3276 sed
2208 3205 2462 3276 callide

350 3337 426 3398 et
469 3325 675 3419 quasi
724 3347 855 3417 per
902 3322 1196 3394 insidias
1247 3322 1546 3417 aggredi
1594 3320 2179 3413 oportebit—aut
2224 3321 2461 3393 subito

350 3465 670 3535 persaepe
701 3441 978 3533 impetu
1012 3462 1154 3509 non
1192 3441 1410 3533 longa
1442 3437 1807 3509 obsidione
1845 3461 1961 3509 res
2005 3437 2283 3533 agenda
2326 3448 2457 3510 est.

352 3557 565 3638 Quod
590 3556 782 3627 enim
806 3556 923 3626 via
947 3566 1024 3627 et
1043 3555 1322 3626 ratione
1348 3553 1741 3637 docebitur,
1761 3553 1841 3624 id
1853 3555 2009 3648 jam
2033 3577 2177 3625 non
2204 3577 2459 3646 poema

352 3671 492 3743 erit
524 3672 650 3743 sed
682 3671 1139 3764 praeceptoris
1169 3671 1497 3742 formula.
1599 3670 1743 3741 Sed
1777 3670 1992 3742 sicuti
2024 3668 2099 3740 in
2126 3671 2279 3741 vita
2312 3693 2459 3741 me-

351 3787 489 3857 lius
533 3787 880 3879 exemplis
920 3788 1384 3880 juventutem
1427 3784 1714 3858 institui
1753 3787 1961 3856 aiunt
2009 3809 2225 3879 quam
2274 3807 2459 3877 prae-

350 3901 601 3993 ceptis,
651 3901 758 3973 ita
812 3902 891 3972 in
949 3901 1381 3973 carminibus
1440 3924 1889 3995 quaecunque
1948 3901 2042 3972 ad
2099 3921 2331 3970 mores
2382 3905 2460 3966 et

353 4031 673 4092 mentem
707 4020 1216 4093 moderandam
1248 4019 1633 4113 pertinent,
1661 4019 1957 4091 minime
1980 4018 2075 4089 de
2104 4011 2459 4087 industria
