3559 5575
572 754 1290 839 PRAELECTIO
1365 731 1844 839 DECIMA
1920 749 2321 837 SEXTA.

391 1030 679 1117 Affectus
706 1032 995 1096 adversae
1022 1055 1127 1097 res
1164 1043 1411 1098 movent
1449 1039 1690 1123 magis,
1719 1036 1780 1099 .ςὲ
1813 1037 2149 1122 pros-peria
2186 1036 2321 1098 sint
2357 1030 2500 1095 fini·

485 1130 806 1196 timae—si
845 1156 981 1197 sera
1019 1134 1205 1198 nimis
1241 1136 1588 1200 adveniant
1619 1138 1930 1200 bona—si
1958 1134 2039 1199 ad
2070 1148 2312 1198 nosmet
2339 1132 2507 1218 ipsos

484 1232 800 1320 pertinere
843 1236 1204 1301 videantur.
1307 1239 1645 1302 Vitandum
1696 1246 1792 1302 est
1838 1247 2140 1301 ornatum
2196 1236 2507 1300 orationis

469 1357 711 1424 genus,
742 1347 859 1401 aut
886 1340 1225 1417 timidum,
1254 1349 1374 1404 aut
1399 1342 1597 1405 nimis
1623 1341 2050 1428 ing-mimum.
2112 1339 2196 1402 H
2192 1336 2508 1423 ujumodi

479 1439 645 1502 vitia
669 1440 965 1527 quoedam
986 1443 1538 1530 perstringuntur
1564 1444 1638 1505 in
1672 1443 1915 1521 Statio,
1944 1441 2135 1519 Silio,
2165 1441 2408 1505 Seneca
2448 1446 2509 1501 et

479 1542 762 1607 Lucano.

1171 1770 1729 1818 *-

401 1970 1054 2083 QUAESTIONE
1098 2000 1255 2092 jam
1308 1997 1710 2069 accuratius
1760 1997 2035 2084 habita,
2080 1996 2337 2090 quibus
2387 2020 2515 2089 po·

402 2114 764 2185 tissimum
815 2113 1044 2183 modis
1096 2114 1395 2184 affectus
1443 2112 1840 2207 legentium
1900 2112 2301 2204 permoveri
2359 2135 2518 2203 pos-

405 2231 577 2313 sint,
611 2229 691 2299 id
729 2238 887 2299 tum
934 2229 1226 2298 demum
1272 2228 1541 2319 optime
1587 2228 1930 2299 effectum
1979 2228 2072 2298 iri
2123 2227 2516 2313 videbatur,

403 2344 470 2417 si
497 2367 825 2438 personae
861 2342 1121 2414 mediae
1146 2342 1516 2436 cujusdam
1547 2340 1836 2414 virtutis
1867 2342 2162 2425 fuerint,
2189 2342 2250 2412 si
2282 2343 2518 2414 nobis-

401 2483 571 2532 cum
606 2459 846 2553 aliquo
879 2457 1421 2529 necessitudinis
1456 2467 1582 2529 aut
1616 2458 1957 2529 consortii
1977 2460 2146 2553 jure
2178 2459 2518 2552 conjunc-

397 2586 523 2660 tae‚
559 2576 622 2646 si
657 2574 964 2668 denique
995 2597 1109 2644 res
1143 2571 1250 2644 ita
1287 2584 1642 2658 narretur,
1678 2584 1763 2645 ut
1797 2575 2013 2645 fidem
2052 2574 2293 2658 faciat,
2328 2584 2404 2659 et
2435 2574 2514 2644 in

398 2701 789 2783 conspectu
826 2689 1158 2761 videatur
1201 2688 1377 2760 fieri.
1485 2689 1905 2763 Hisaiutem
1941 2690 2048 2763 ita
2080 2690 2515 2772 constitutis,

403 2807 653 2900 (simul
700 2829 785 2877 ac
831 2829 1063 2898 pauca
1117 2805 1390 2876 fuerint
1441 2805 1726 2899 adjecta
1782 2830 1949 2900 quae
2007 2808 2261 2878 eadem
2320 2831 2519 2900 quae-

401 2922 634 2994 stione
668 2920 1019 2991 contineri
1052 2919 1314 3010 video,)
1358 2916 1633 3012 aliquid
1666 2921 1999 3013 deinceps
2034 2945 2227 2992 curae
2253 2945 2521 3014 ponen-

405 3038 585 3109 dum
620 3036 759 3106 erit
791 3034 865 3103 iu
908 3057 1159 3104 eorum
1190 3034 1387 3105 vitiis
1431 3035 1770 3106 notandis
1816 3036 1942 3128 qui
1994 3036 2521 3120 misericordiae,

406 3152 531 3225 cui
580 3149 874 3222 omnino
922 3150 1329 3219 consultum
1376 3172 1528 3220 esse
1561 3151 1840 3237 volunt,
1872 3161 2115 3221 tamen
2162 3173 2383 3243 pravo
2416 3151 2525 3221 in-

405 3278 721 3362 eptoque
751 3287 907 3336 rem
943 3264 1247 3335 ornandi
1281 3263 1544 3350 studio,
1576 3263 1897 3336 maximo
1931 3276 2101 3337 sunt
2132 3265 2272 3359 ipsi
2302 3267 2523 3361 impe-

408 3384 753 3455 dimento.
825 3381 1055 3475 Cujus
1079 3379 1371 3472 quidem
1398 3378 1656 3450 erroris
1681 3381 1876 3473 apud
1907 3381 2274 3474 imperitos
2305 3384 2521 3480 scrip·

408 3512 598 3571 tores
631 3520 798 3569 cum
833 3495 1219 3588 multiplex
1242 3495 1339 3567 sit
1362 3494 1604 3578 facies,
1631 3505 1955 3568 nostrum
1981 3499 2118 3571 erit
2143 3523 2238 3571 ex
2274 3502 2519 3574 multis

414 3613 734 3707 deligere·
756 3621 924 3705 quae
956 3621 1032 3683 et
1065 3611 1344 3683 caeteris
1377 3610 1753 3684 usitatiora
1778 3622 1854 3683 et
1874 3614 2161 3706 pessimi
2185 3616 2520 3691 videntur

415 3751 568 3800 esse
599 3727 931 3820 exempli.

515 3843 854 3914 Pluribus
884 3844 1161 3915 interea
1189 3844 1277 3916 fit
1310 3844 1562 3928 modis,
1593 3854 1689 3916 ut
1712 3851 1876 3939 q‘noe
1917 3844 2158 3917 tristia
2202 3855 2279 3916 et
2313 3845 2524 3915 mise-

415 3958 643 4061 randa
676 3959 1063 4031 acciderint
1086 3960 1278 4033 inter
1308 3961 1747 4032 narrandum
1784 3961 2093 4033 affectus
2110 3959 2388 4053 possint
2414 3957 2523 4029 in-

416 4071 720 4147 cendere
751 4075 1268 4160 vehementius,
1301 4099 1520 4171 quam
1554 4075 1614 4148 si
1647 4100 1735 4149 ea
1767 4075 2071 4170 scriptor
2102 4085 2376 4146 temere
2416 4083 2527 4144 at-

1407 4211 1451 4260 1>
1487 4198 1534 4263 2
