3559 5575
358 243 624 308 Pmu..
650 240 786 307 xl.
1051 242 1186 307 DE
1232 241 1851 309 ῙΜῙΤΑΤῙΟΝΕ.
2376 244 2509 314 16Ἷ

358 416 804 512 cingentem
853 415 951 486 ad
992 424 1207 487 atrox
1253 417 1484 487 scelus
1529 413 2121 511 aggrediendum,
2156 418 2353 510 quod
2384 418 2515 490 vix

361 531 678 625 proprio
743 531 1036 611 nomine
1103 533 1461 623 appellare
1528 531 1800 603 debuit.
1923 530 2276 603 Poterant
2343 557 2516 606 sane

368 670 545 720 esse
595 646 810 718 amici
843 649 1065 720 verba
1095 670 1254 719 eam
1292 672 1338 718 a
1385 647 1701 719 facinore
1745 646 2103 739 patrando
2149 647 2516 719 dehortari

371 762 740 845 volentia3
791 772 1128 855 poterant
1166 786 1322 834 esse
1365 763 1640 834 inimici
1693 761 1822 855 qui
1869 762 1948 832 in
1999 785 2162 833 eam
2212 764 2518 835 acerbis-

377 879 577 951 sime
626 902 712 950 ac
761 879 1024 950 merito
1073 877 1573 951 inveheretur:
1626 880 1721 950 ab
1767 888 2062 953 auctore
2109 889 2187 950 et
2228 903 2516 953 suasore

382 994 688 1066 sceleris
719 1003 807 1065 ut
837 993 1213 1086 prodirent
1245 995 1536 1066 omnino
1568 994 1722 1065 fieri
1755 1017 1897 1066 non
1935 993 2197 1089 potuit.

513 1221 712 1292 Huic
743 1221 1225 1315 propinquum
1265 1231 1377 1293 est
1409 1222 1693 1306 vitium,
1727 1246 1871 1316 quo
1914 1245 2007 1293 ne
2058 1222 2315 1315 optimi
2366 1227 2525 1317 qui-

398 1336 573 1408 dem
608 1347 845 1430 poetae
877 1338 1168 1431 penitus
1202 1349 1471 1422 carent,
1508 1338 1637 1409 sed
1679 1338 1876 1431 quod
1920 1338 1999 1409 in
2053 1338 2526 1412 mediocribus

395 1454 672 1549 ubique
720 1455 1083 1527 cernitur:
1137 1478 1397 1548 nempe
1443 1466 1528 1525 ut
1572 1453 1935 1547 loquentis
1979 1477 2076 1525 ex
2128 1477 2251 1524 ore
2304 1454 2529 1527 dedu-

398 1580 572 1641 cant
622 1571 816 1663 quod
866 1572 1077 1643 aliter
1122 1570 1570 1663 patefactum
1622 1568 1962 1662 oportuit.
2069 1569 2269 1641 Raro
2329 1571 2525 1642 enim

399 1684 511 1771 fit,
563 1694 650 1755 ut
707 1684 885 1779 quid
943 1694 1259 1756 mentem
1317 1707 1522 1756 auam
1582 1684 1777 1755 intus
1839 1683 2134 1767 cruciet,
2195 1694 2325 1755 aut
2379 1708 2524 1777 quo

400 1800 628 1872 tacito
677 1823 888 1873 sensu
934 1801 1302 1872 imbuatur
1346 1810 1597 1894 pectus
1644 1809 1897 1892 sponte
1941 1809 2188 1872 narret
2220 1799 2523 1896 aliquis:

406 1916 809 2008 praesertim
868 1916 932 1987 si
986 1917 1317 2012 graviore
1373 1915 1614 2010 aliquo
1675 1925 1876 1990 metu
1933 1916 2339 2012 frangatur,
2397 1925 2527 1987 aut

414 2042 598 2104 aestu
645 2031 960 2124 quodam
1003 2033 1393 2104 affectuum
1428 2031 1852 2104 violentiore
1884 2041 2213 2117 vexetur,
2245 2041 2378 2104 aut
2407 2054 2531 2103 ve-

417 2145 744 2218 hementi
773 2145 1030 2242 flagret
1061 2147 1481 2239 cupiditate.

517 2260 1008 2345 Quamobrem
1040 2261 1338 2345 nemini,
1365 2259 1641 2353 opinor,
1672 2262 1833 2332 haec
1864 2260 2121 2353 probat
2143 2260 2426 2333 'Seneca
2454 2260 2533 2332 in

415 2377 977 2458 Andromache;

593 2565 713 2629 Me
744 2564 933 2652 liquit
961 2561 1246 2628 animus:
1291 2562 1578 2628 membra
1602 2561 2003 2648 quatiuntur,
2034 2561 2288 2637 labant3

593 2667 971 2754 Torpetque
990 2665 1240 2730 vinctus
1258 2664 1496 2753 frigido
1516 2664 1771 2752 sanguis
1790 2663 1961 2753 gelu.
2003 2666 2269 2731 Tuom
2293 2663 2440 2731 623.

414 2854 549 2916 aut
579 2842 703 2915 illa
737 2841 1021 2915 Medeae
1053 2841 1132 2913 in
1164 2841 1528 2936 proposito
1562 2841 2003 2926 vacillantis;

596 3004 730 3067 Cor
755 3001 1004 3090 pepulit
1030 3001 1288 3066 horror:
1335 3002 1622 3066 membra
1648 3015 2016 3090 torpescunt
2041 3001 2215 3091 gelu,

597 3106 961 3190 Pectusque
987 3103 1276 3168 tremuit:
1323 3103 1420 3168 ira
1446 3103 1727 3168 discessit
1756 3104 1918 3171 loco·

598 3208 946 3295 Materque
973 3218 1105 3270 tota
1131 3205 1402 3293 conjuge
1430 3205 1697 3294 expulsa
1724 3205 1912 3271 redit.
2067 3208 2267 3272 Mnn.
2295 3204 2447 3276 926.

599 3438 701 3503 Ut
729 3458 897 3502 saeva
923 3434 1127 3524 rapidi
1155 3433 1325 3500 bella
1352 3457 1496 3499 cum
1527 3434 1698 3500 venti
1725 3449 1982 3523 gerunt,

599 3540 944 3626 Utrimque
970 3539 1206 3604 fluctus
1233 3536 1433 3602 maria
1459 3527 1775 3603 discordes
1803 3550 2029 3626 agunt,
2312 3625 2321 3633 ²

599 3643 1020 3732 Dubiumque
1047 3641 1314 3731 pelagus
1340 3641 1574 3732 fervet:
1621 3642 1800 3707 haud
1827 3642 2007 3708 aliter
2034 3661 2248 3708 meum

602 3746 733 3810 Cor
757 3744 1140 3811 fluctuatur:
1185 3743 1281 3810 ira
1305 3743 1604 3833 pietatem
1633 3745 1842 3832 fugat,

604 3847 907 3936 Iramque
931 3847 1166 3937 pietas:
1213 3846 1365 3913 cede
1391 3847 1634 3936 pietati,
1666 3846 1866 3913 dolor.
2071 3847 2262 3913 Man.
2294 3848 2447 3918 940.

429 4000 630 4072 Tum
677 3999 911 4074 fracta
949 3998 1310 4094 paulisper
1350 3999 1836 4074 misericordia
1884 4000 1979 4072 ad
2016 4000 2335 4094 priorem
2385 4000 2539 4075 ani-

428 4134 634 4191 mum
665 4116 771 4189 sic
801 4117 1040 4191 denuo
1069 4115 1280 4207 redit,
