3559 5575
373 76 643 139 Pur..
672 74 1027 138 XXXIV.
1160 74 1289 153 DE
1336 75 1920 141 PHANTASIA.
2398 79 2525 141 441

373 247 675 319 cincta.
777 247 1264 329 Quamobrem
1305 249 1437 319 hoc
1470 248 1702 340 primo
1732 249 2134 320 cavendum
2179 249 2532 322 affirmare

366 362 611 433 haud
656 363 933 445 dubito,
971 387 1063 434 ne
1107 363 1270 455 plus
1317 386 1529 456 aequo
1577 363 1653 434 in
1707 366 1843 435 hac
1902 373 2108 457 parte
2163 364 2530 436 luxuriare

376 490 612 551 amet
652 489 889 571 poeta,
935 488 1065 549 aut
1110 478 1453 572 quicquid
1485 479 1775 550 veritati
1819 504 1902 550 ac
1948 479 2211 550 rationi
2257 479 2535 551 detrac-

377 604 577 665 tum
627 594 872 676 fuerit,
919 593 998 664 id
1048 592 1295 664 statim
1348 592 1716 665 existimet
1762 594 1837 664 in
1887 592 2248 666 Poeticam
2286 596 2532 687 volup-

379 718 647 778 tatem
681 708 901 778 abire.

520 823 859 894 Alterum
895 846 1065 892 vero
1098 832 1209 892 est
1243 821 1318 892 in
1356 822 1608 893 eadem
1641 843 1744 908 re,
1775 831 1851 892 et
1876 822 2167 915 quidem
2200 821 2532 916 gravissi-

381 959 645 1022 mum,
679 961 771 1008 ne
806 937 1149 1029 quicquid
1183 936 1386 1006 nobis
1420 935 1643 1007 otiose
1680 935 2193 1008 meditantibus
2236 936 2309 1006 in
2360 937 2534 1008 deli-

383 1053 549 1124 ciis
572 1053 818 1138 fuerit,
839 1052 916 1122 id
941 1053 1213 1145 pariter
1236 1051 1612 1123 credamus
1637 1074 1884 1122 omnes
1918 1051 2273 1122 delectare
2307 1074 2530 1142 posse.

374 1169 659 1239 Immo
716 1170 850 1238 hac
900 1166 1299 1258 praesertim
1353 1189 1448 1236 ex
1507 1189 1721 1237 causa
1774 1165 2245 1258 quaestionem
2299 1175 2530 1236 ortam

380 1307 574 1355 esse
624 1283 985 1366 existimo,
1025 1282 1102 1351 in
1155 1305 1299 1376 qua
1338 1284 1496 1376 jam
1542 1304 1929 1352 versamur.
2032 1281 2289 1375 Neque
2339 1281 2532 1353 enim

386 1400 485 1469 in
531 1398 752 1469 dubio
776 1409 887 1469 est
911 1398 1347 1480 habendum,
1368 1397 1541 1490 quin
1579 1420 1740 1468 suas
1774 1395 2032 1488 cuique
2066 1395 2534 1491 cogitationes

381 1512 645 1606 sequi,
684 1522 898 1604 prout
933 1535 1053 1582 eas
1086 1512 1162 1580 in
1201 1510 1441 1582 animo
1475 1521 1730 1604 sponte
1761 1510 1961 1581 nasci
2001 1510 2405 1606 contigerit,
2440 1510 2534 1583 sit

384 1626 954 1723 gratissimum;
1007 1626 1330 1697 ordinem
1370 1649 1536 1697 vero
1584 1626 1786 1696 illurn
1836 1625 1961 1719 qui
2013 1625 2310 1721 singulis
2361 1626 2536 1697 arri-

386 1744 614 1824 deat,
639 1742 867 1837 magis
893 1766 988 1812 ex
1019 1741 1307 1834 propria
1334 1743 1679 1835 cujusque
1702 1740 1853 1811 vita
1877 1763 1962 1810 ac
1995 1741 2533 1825 consuetudine,

388 1881 641 1954 quam
677 1859 767 1928 ab
802 1857 965 1927 ullis
1001 1867 1281 1927 naturae
1306 1857 1581 1952 legibus
1608 1855 1919 1949 pendere
1944 1877 2108 1947 quae
2131 1855 2223 1925 ad
2252 1855 2535 1926 univer-

387 1997 582 2047 sum
616 1997 847 2068 genus
881 1972 1270 2064 pertinent.
1374 1973 1870 2063 Quodcunque
1915 1969 2107 2040 enim
2149 1969 2327 2041 mihi
2360 1968 2532 2040 olim

390 2097 865 2162 commotum
912 2088 1293 2170 audivisse,
1340 2098 1467 2159 aut
1501 2086 1873 2181 cogitasse,
1913 2095 2041 2156 aut
2081 2108 2246 2155 casu
2293 2083 2533 2176 aliquo

396 2205 686 2276 vidisse
745 2203 1151 2297 contigerit,
1212 2201 1445 2273 acrius
1505 2225 1619 2272 me
1677 2201 1753 2271 id
1812 2210 2006 2272 certe
2063 2201 2399 2283 movebit,
2458 2209 2534 2272 et

396 2317 655 2412 magis
704 2316 781 2386 in
833 2326 1313 2409 conceptuum
1364 2317 1647 2388 turbam
1705 2338 1779 2386 se
1831 2313 2194 2387 insinuare
2248 2313 2535 2409 poterit,

391 2434 639 2504 modo
672 2433 1038 2526 cogitandi
1062 2432 1501 2504 occasionem
1530 2431 1721 2514 edas,
1744 2453 1959 2524 quam
1986 2432 2180 2524 quod
2203 2430 2534 2505 omnibus

388 2548 503 2620 sit
546 2571 958 2620 commune.
1064 2549 1322 2641 Neque
1373 2571 1525 2619 esse
1576 2548 1887 2640 aliquem
1933 2549 2380 2633 crediderim,
2414 2549 2534 2621 cui

393 2685 558 2732 non
623 2662 933 2753 plurima
983 2662 1128 2733 sint
1182 2662 1319 2755 ipsi
1372 2662 1662 2755 quidem
1718 2662 2036 2758 cogitatu
2101 2664 2531 2749 dulcissima,

394 2802 591 2872 quae
625 2777 926 2849 aliorum
964 2778 1237 2849 animos
1272 2778 1567 2850 minime
1601 2789 1972 2850 tenerent:
2028 2791 2184 2877 tugn
2228 2780 2343 2851 cui
2388 2803 2532 2850 non

393 2892 679 2964 secreti
715 2893 1008 2984 quidam
1044 2893 1187 2963 sint
1221 2892 1381 2976 loci,
1407 2903 1481 2964 et
1508 2892 1709 2985 quasi
1744 2892 2260 2985 cogitationum
2297 2894 2532 2977 calles,

396 3008 705 3079 caeteris
757 3009 1174 3079 mortalibus
1219 3009 1443 3079 ferme
1488 3007 1744 3103 ignoti,
1790 3029 1965 3099 quos
2016 3008 2234 3078 tacite
2289 3031 2529 3079 secum

401 3148 805 3218 peragrare
839 3122 1405 3197 consueverit..

510 3240 981 3331 Quapropter
1011 3236 1426 3332 gravissime
1472 3237 1564 3307 ab
1610 3235 1697 3306 iis
1742 3245 2114 3328 peccatum
2164 3237 2370 3321 duco,
2405 3240 2531 3332 qui

400 3377 501 3424 ex
539 3377 682 3425 sua
716 3354 1194 3446 qualicunque
1228 3351 1741 3422 consuetudine
1774 3360 2070 3423 caeteros
2104 3376 2349 3424 omnes
2386 3377 2532 3428 me-

397 3469 531 3539 tiri
570 3469 835 3551 solent,
862 3479 936 3539 et
961 3467 1412 3561 phantasiam
1446 3467 1937 3559 permulcendi
1970 3492 2129 3540 eam
2165 3494 2389 3564 usque
2422 3472 2534 3543 in-

396 3584 741 3654 stituunt
775 3582 991 3667 viam,
1031 3606 1196 3675 quae
1246 3581 1381 3652 sibi
1432 3581 1745 3653 maxime
1797 3582 1870 3653 in
1920 3597 2256 3680 promptu
2305 3588 2422 3670 sit,
2457 3599 2532 3661 et

396 3700 621 3771 nullo
654 3708 918 3769 conatu
954 3711 1187 3793 egeat.
1289 3696 1480 3768 Nam
1516 3698 1610 3768 sit
1642 3698 1813 3769 licet
1848 3700 2045 3770 omni
2078 3702 2234 3795 lege
2274 3724 2531 3792 expers

401 3813 827 3905 phantasia,
878 3824 954 3884 et
1006 3823 1200 3884 recte
1251 3812 1327 3882 in
1381 3813 1508 3885 tali
1559 3837 1660 3899 re,
1707 3814 1919 3884 modo
1971 3835 2130 3883 suae
2181 3814 2529 3907 voluptati

403 3930 831 4001 consultum
870 3927 1065 4010 velit,
1100 3933 1143 3967 “
1162 3950 1294 4033 sua
1337 3926 1594 4020 cuique
1629 3927 1828 3997 Deus
1875 3926 1975 4003 sit.
2006 3925 2166 3998 dira
2208 3925 2531 4020 cupido,”
