3559 5575
415 897 1115 999 PRAELECTIONUM

537 1175 986 1261 ARGUMENTA.

618 1469 903 1520 ...φ-..-

432 1703 634 1777 ΟΒΑΤΙΟ
660 1705 1046 1790 INAUGURAL183

725 1923 793 1965 stvn

558 2083 807 2144 rumcncmo
828 2081 968 2142 remu.
1214 2103 1243 2162 p.
1264 2085 1290 2141 1.

523 2308 770 2369 PRAELECTIO
792 2307 994 2368 SECUNDA.

233 2421 285 2486 De
298 2443 412 2508 genere
426 2420 599 2508 voluptatis
613 2444 686 2508 quae
706 2441 747 2484 ex
766 2419 853 2508 poesi
873 2418 1059 2506 percipitur.
1103 2419 1229 2498 Quibus
1248 2442 1291 2486 ex

275 2521 481 2586 facultatibus
509 2521 606 2585 animi
635 2519 774 2608 pendeat
801 2519 985 2606 inquiritur.
1045 2518 1133 2583 Hinc
1161 2518 1291 2585 ducitur

276 2621 380 2708 operis
405 2621 502 2686 totius
524 2621 556 2684 in
578 2633 717 2707 quatuor
738 2633 844 2706 portes
865 2619 1054 2684 distributio.
1100 2620 1153 2685 De
1174 2620 1288 2685 Imita-

184 2715 188 2722 ’
278 2724 373 2805 tione,
388 2723 429 2790 de
443 2721 635 2804 Affectibus,
651 2723 692 2790 de
707 2721 889 2805 Phantnsio,
904 2722 945 2789 de
959 2722 1099 2790 Judicio.
1186 2747 1218 2813 p.
1235 2726 1289 2791 15.

329 2977 451 3042 PARS
474 2976 634 3041 PRIMA
660 2974 765 3041 SIVE
789 2974 855 3040 DE
880 2974 1197 3042 IMITATIONE.

544 3118 791 3179 PRAELECTIO
811 3119 974 3179 TERTIA.

234 3236 300 3299 Cur
310 3236 378 3299 Ars
391 3231 521 3297 Poeticn
531 3233 702 3299 Imitotrio
712 3231 845 3298 dicatur.
876 3231 1117 3320 Expenduntur
1126 3231 1289 3322 opiniones

277 3334 467 3413 Aristotelis,
490 3332 644 3415 Platonis,
663 3333 822 3423 Scaligeri.
867 3336 939 3399 Vox
959 3337 1105 3400 Imitotio
1122 3336 1288 3424 multiplici

276 3460 368 3503 sensu
383 3436 547 3525 accipitur.
571 3438 647 3501 1⁰¹⁰.
662 3435 716 3501 Ad
730 3436 900 3502 verborum
916 3459 1028 3503 sonum
1042 3438 1198 3513 refertum
1222 3439 1287 3505 2⁶⁰.

275 3540 333 3605 Ad
348 3562 457 3605 versus
470 3550 661 3605 structuram
675 3551 708 3603 et
722 3537 868 3604 dictionis
882 3538 1030 3604 colorem.
1074 3539 1139 3604 8⁶⁰.
1155 3540 1213 3606 Ad
1234 3563 1287 3605 re·

275 3664 347 3707 rum
369 3643 509 3730 ipsarum
533 3640 791 3729 descriptionem:
816 3664 889 3728 quae
904 3664 979 3707 vers
995 3655 1042 3708 est
1056 3640 1189 3710 imitatio
1202 3646 1286 3710 Poe·

275 3744 347 3809 tica.
1182 3767 1217 3832 p.
1231 3747 1284 3810 28.

537 3933 784 3994 PRAELECTIO
802 3932 979 3997 QUARTA.

232 4054 314 4119 Rem
333 4076 430 4142 quem
453 4054 594 4144 imitetur
615 4055 748 4144 scriptor
770 4078 828 4121 suc
849 4068 961 4143 sponte
982 4054 1148 4143 pulchram
1172 4070 1284 4123 sumat.

276 4158 317 4221 ln
340 4156 602 4245 descriptionibus
622 4171 727 4223 errant
748 4172 851 4247 poctae
870 4156 897 4223 si
914 4156 1003 4222 nimii
1025 4157 1088 4224 siut
1106 4172 1139 4223 et
1152 4158 1286 4248 operosi.

276 4260 383 4324 Peuce
403 4259 510 4347 potius
531 4259 671 4325 notendo
691 4283 765 4348 quae
785 4260 830 4325 rei
852 4259 988 4325 maxime
1008 4260 1070 4325 sint
1083 4262 1230 4349 propriu
1254 4274 1287 4326 et

275 4383 347 4446 quae
362 4362 533 4449 simplicem
548 4363 617 4450 ejus
631 4362 798 4452 imaginem
814 4362 913 4431 menti
926 4362 1084 4451 objiciant.
1182 4385 1214 4450 p.
1230 4365 1284 4429 43.
