3559 5575
1228 2 1443 80 ,gs-es

442 175 675 240 Pur.
708 174 980 240 XXIV.
1114 175 1247 240 DE
1292 168 1922 242 AFFECTIBUS.
2430 178 2563 242 313

623 345 1027 432 Tibiparce:
1073 346 2360 434 idemaebnwsaomoeaeocvdtflaae.

1723 450 2101 513 Huc-ron.
2139 450 2196 513 Ι.
2229 452 2293 529 1,
2325 452 2472 515 112.

438 571 555 644 At
586 574 799 669 longe
829 573 972 645 alia
1002 575 1384 646 sententiae
1416 575 1611 647 illius
1640 585 1755 648 est
1778 576 1968 648 ratio
2002 599 2168 670 quae
2200 576 2449 649 statim
2481 577 2560 648 in

442 690 730 760 theatro
771 689 1239 781 pronuntiata
1279 714 1600 762 summos
1650 692 1977 763 omnium
2027 693 2317 784 plausus
2366 693 2561 765 exci-

442 812 634 876 tasse
666 805 919 887 fertur,

626 991 846 1053 Homo
875 1012 1054 1065 sum3
1089 989 1351 1054 humani
1380 988 1538 1053 nihil
1565 1013 1604 1053 a
1633 1013 1734 1055 me
1763 991 2038 1057 alienum
2069 1005 2246 1080 puto·
2300 991 2473 1057 Ibid.

446 1153 565 1224 De
615 1151 728 1223 bis
773 1153 1002 1248 igitur
1052 1175 1216 1247 quae
1262 1153 1629 1223 nullorum
1676 1163 2087 1246 temporum
2138 1163 2267 1225 aut
2307 1153 2563 1224 finium

444 1279 623 1340 sunt
645 1268 935 1360 propria
964 1269 1182 1340 hodie
1213 1277 1528 1340 tractare
1551 1268 1786 1339 visum
1821 1280 1973 1340 est:
2015 1268 2269 1363 quoin
2302 1290 2567 1364 genere

446 1382 864 1454 recentioris
899 1383 1040 1453 aevi
1065 1383 1444 1475 scriptores
1469 1383 1783 1476 palmam
1810 1385 2180 1457 interdum
2203 1385 2566 1460 veteribus

447 1497 903 1591 praeripuisse
932 1521 1148 1570 nemo
1173 1498 1573 1585 mirabitur,
1595 1498 1721 1592 qui
1745 1501 1960 1571 modo
1983 1502 2217 1571 lucem
2239 1501 2566 1573 veritatis

451 1613 863 1686 meminerit
905 1615 1109 1687 nobis
1150 1614 1495 1685 divinitus
1532 1615 2014 1707 patefactam:
2067 1615 2261 1688 unde
2290 1639 2565 1687 novum

450 1740 750 1802 acce-t
784 1730 1101 1802 Poeticae
1138 1731 1246 1801 rei
1290 1731 1877 1814 instrumentum,
1910 1731 2172 1803 certior
2197 1732 2563 1804 *nimirum

452 1846 722 1916 futurae
755 1845 928 1917 vitae
961 1869 1142 1938 spoe,
1178 1855 1253 1916 et
1288 1868 1567 1916 morum
1601 1845 1979 1939 disciplina
2010 1847 2341 1918 sanctior.

557 1962 848 2044 Quanto
876 1972 1122 2033 autem
1150 1960 1500 2032 efficacior
1524 1960 1619 2031 sit
1641 1972 1720 2033 et
1745 1963 1840 2032 ad
1874 1985 2131 2054 poema
2163 1962 2566 2033 ornandum

456 2077 691 2170 aptior
712 2081 916 2172 justa
941 2077 1351 2148 divinarum
1377 2099 1616 2146 rerum
1656 2076 1955 2147 scientia
1987 2077 2197 2146 facile
2228 2077 2571 2172 intelligi-

457 2203 599 2275 tur,
621 2193 680 2262 si
709 2192 868 2286 quis
892 2192 1186 2264 ultionis
1220 2190 1492 2261 rabiem
1525 2189 1747 2273 illam,
1775 2189 2039 2282 passim
2075 2191 2265 2282 apud
2294 2203 2569 2264 veteres

455 2317 704 2399 poetas
736 2308 1026 2379 virtutis
1061 2309 1215 2378 loco
1247 2306 1595 2389 habitam,
1630 2330 1796 2377 cum
1839 2316 2245 2377 nostrorum
2294 2307 2569 2402 aliquot

456 2423 628 2494 locis
678 2425 1021 2507 conferat,
1075 2447 1240 2518 quae
1293 2422 1747 2494 clementiam
1801 2422 2125 2494 hostibus
2174 2432 2249 2494 et
2283 2423 2568 2495 veniam

457 2539 767 2631 peccatis
836 2540 1076 2611 datam
1138 2540 1489 2632 potiorem
1549 2561 1704 2610 esse
1760 2538 2084 2610 vindicta
2140 2538 2566 2634 significant.

459 2655 696 2726 Semel
727 2656 1027 2728 fortasse
1060 2666 1280 2749 atque
1315 2655 1579 2726 iterum
1614 2655 1949 2749 antiquos
1984 2655 2361 2748 scriptores
2401 2678 2570 2727 ean-

459 2771 622 2843 dem
659 2794 811 2843 rem
848 2772 1203 2867 attingere
1237 2770 1501 2853 subiit;
1546 2772 1759 2864 quale
1794 2780 1904 2843 est
1936 2770 2114 2847 illud
2150 2771 2468 2858 Senecae,

1155 2909 1383 2971 Preces
1409 2906 1696 2993 placidus
1723 2906 1861 2993 pias

637 3008 1020 3093 Patiensque
1047 3005 1294 3093 recipe3
1339 3029 1599 3093 quoque
1629 3021 1692 3071 te
1719 3006 1955 3070 celsum
1984 3007 2175 3072 altius

640 3107 870 3195 Superi
895 3107 1187 3172 levarunt
1214 3107 1430 3171 mitius
1457 3107 1666 3193 lapsos
1692 3129 1909 3193 preme
1928 3119 1978 3171 ⁸.
2069 3110 2344 3172 TaoAn.
2374 3105 2526 3177 694.

461 3237 720 3331 Neque
759 3237 1081 3308 Homero
1105 3248 1413 3328 'prorsus
1464 3236 1665 3306 deest
1711 3233 1963 3306 melior
2010 3234 2131 3305 hic
2181 3234 2389 3306 officii
2439 3237 2573 3306 bu-

464 3352 661 3423 mani
683 3374 953 3423 sensus.

634 3489 805 3551 Ἀλλ’
831 3490 1100 3573 Ἀχιλεῦ,
1131 3486 1386 3569 δάμασον
1415 3484 1579 3568 θυμὸν
1606 3483 1817 3569 μέγαν·
1865 3483 1983 3548 οὐδέ
2012 3484 2075 3547 τί
2102 3509 2167 3547 σε
2193 3488 2309 3571 χρὴ

636 3591 850 3667 Nauis
879 3587 1007 3675 ἦτορ
1038 3589 1207 3675 ἔχειν·
1255 3589 1518 3673 στρεπτοὶ
1549 3586 1606 3650 δέ
1632 3613 1697 3650 τι
1728 3588 1828 3650 καὶ
1858 3588 1960 3651 θεοὶ
1991 3587 2150 3651 αὐτοὶ

635 3696 762 3755 Τῶν
789 3716 891 3774 περ
922 3692 1018 3754 καὶ
1046 3690 1247 3773 μείζων
1275 3693 1465 3773 ἀρετὴ,
1498 3688 1630 3770 τιμή
1659 3714 1744 3767 τε,
1775 3688 1871 3767 βίη
1900 3715 1987 3753 τε.
2145 3690 2249 3754 ΙΙ..
2284 3691 2344 3753 I.
2377 3692 2525 3761 497.

465 3820 572 3891 Et
621 3818 868 3890 divino
924 3818 1200 3914 ingenii
1249 3818 1545 3890 flumine
1598 3818 1938 3911 abreptus
1996 3818 2268 3903 Cicero,
2320 3820 2573 3891 eodem

727 4068 753 4097 ⁸
780 4059 915 4119 Vid.
943 4059 1115 4120 etiam
1141 4059 1497 4127 Juvenalem,
1528 4059 1649 4116 Sat.
1679 4058 1856 4117 XIII.
1886 4057 1924 4118 l.
1951 4059 2082 4116 180.
2111 4069 2171 4115 et
2199 4074 2317 4132 seq.
