3559 5575
665 741 1048 829 ·PRAELECTIO
1077 739 1256 824 NONA.

449 1031 500 1094 De
522 1031 654 1094 Morum
677 1026 860 1090 imitatione
882 1022 1058 1086 reuertitur
1076 1021 1398 1108 questio-Sceoicor
1412 1041 1505 1107 prce·

491 1134 601 1198 sertim
622 1131 792 1216 scriptores
813 1126 906 1189 odire
926 1124 1143 1210 oportet-De
1166 1125 1317 1188 Terentio
1338 1133 1370 1187 et
1386 1124 1505 1187 Plauto

481 1235 647 1322 judicium
647 1233 778 1318 sertor.
817 1230 852 1291 A
867 1229 1079 1291 Personarum
1093 1226 1271 1290 imitatione
1285 1228 1448 1290 transitur
1460 1223 1506 1288 od

494 1360 602 1402 sensus
615 1335 809 1419 affectusque
823 1327 920 1394 animi
934 1327 1123 1405 subtiliores,
1138 1328 1195 1414 qui
1213 1349 1277 1415 pro
1293 1349 1330 1392 re
1343 1337 1423 1392 nam
1437 1329 1505 1392 sm·-

494 1449 606 1503 uutur.
651 1436 775 1499 Eadem
786 1433 901 1518 firme
923 1432 960 1494 to
980 1429 1032 1493 tic
1054 1429 1233 1494 tractandis
1257 1429 1436 1495 odhidmdo
1458 1436 1506 1493 at

495 1541 611 1617 contio,
627 1559 701 1624 quae
714 1537 750 1598 io
765 1535 981 1597 Externorum
995 1530 1216 1616 descriptiorw.

838 1737 1118 1790 *-

457 1927 592 2042 QUAE
608 1957 775 2050 exempla
791 1958 836 2028 de
853 1957 1034 2030 infantum
1053 1956 1209 2027 moribus
1226 1953 1272 2026 ad
1290 1963 1431 2025 naturae
1447 1975 1507 2024 ve·

427 2057 437 2074 ⁸
454 2075 600 2147 ritatem
617 2074 792 2165 expressis
804 2073 969 2166 proxima
980 2072 1209 2166 praelectione
1220 2073 1378 2166 proferre
1391 2069 1508 2141 visum

455 2191 522 2274 e'st,
539 2213 582 2262 ea
599 2191 692 2261 hanc
709 2190 782 2260 vim
806 2189 971 2262 habuisse
996 2198 1097 2281 puto,
1115 2187 1261 2282 utquid
1282 2187 1373 2258 effici
1398 2182 1510 2278 possit

456 2307 592 2378 diserta
607 2306 809 2379 imitatione
826 2307 1081 2402 significarent,
1098 2303 1207 2376 etiam
1230 2303 1267 2373 in
1291 2324 1434 2374 summa
1456 2297 1510 2371 rei

456 2422 646 2493 tenuitate.
689 2423 797 2504 Quod
813 2423 959 2515 quidem
976 2421 1095 2492 adhuc
1111 2419 1335 2491 manifestius
1351 2418 1510 2490 cernitur

457 2536 495 2607 in
525 2536 805 2629 provectioribus
833 2536 920 2606 vitae
949 2537 1093 2629 spatiis3
1132 2536 1261 2629 quibus
1288 2544 1341 2605 ut.
1356 2532 1509 2606 varietas

458 2653 553 2724 inest
570 2653 684 2744 major
706 2661 744 2722 et
764 2652 932 2744 quaedam
958 2651 1060 2745 quasi
1084 2673 1248 2744 personae
1273 2651 1442 2747 dignitas,
1458 2647 1511 2720 ita

459 2768 602 2839 adeam
619 2767 840 2860 voluptatem
862 2767 1008 2861 propius
1028 2767 1223 2852 acceditur,
1240 2790 1312 2861 qua
1333 2768 1511 2838 mulcetur

459 2883 611 2967 animus,
628 2884 715 2954 dum
734 2886 909 2955 humanos
926 2908 1042 2956 mores
1058 2885 1221 2956 intuetur
1237 2894 1346 2977 atque
1368 2904 1512 2955 omnem

458 2999 658 3071 'communis
676 2999 761 3070 vitae
778 3000 1087 3073 consuetudinem.

509 3117 663 3189 Difficile
687 3117 870 3190 enimvero
900 3117 1014 3189 estin
1045 3118 1113 3187 hac
1141 3126 1244 3208 parte
1273 3114 1511 3188 imitationem

461 3238 604 3325 'prorsus
630 3235 676 3305 ab
704 3234 893 3305 affectibus
920 3256 1115 3316 secernere,
1141 3243 1250 3326 atque
1268 3234 1368 3331 'hanc
1389 3232 1513 3322 volup-

461 3358 574 3420 tatem
592 3349 637 3420 de
654 3371 725 3442 qua
747 3350 948 3442 praesertirn
972 3348 1103 3444 agitur,
1120 3348 1173 3419 ita
1198 3347 1377 3443 integram
1401 3348 1514 3418 since-

461 3464 609 3553 ramque
627 3472 873 3553 exponerent
887 3462 979 3533 nihil
996 3463 1103 3534 alieni
1118 3462 1157 3532 in
1175 3485 1213 3533 se
1229 3463 1390 3554 recipiat.
1441 3461 1516 3531 Ne-

461 3597 532 3668 que
549 3598 633 3645 sane
655 3578 722 3647 hoc
744 3577 822 3647 loco
844 3578 1106 3670 expediendam
1129 3577 1222 3649 duco
1244 3578 1444 3649 doctrinam
1469 3576 1515 3647 de

463 3689 619 3761 moribus
644 3701 681 3762 et
698 3690 856 3783 personis
881 3702 964 3785 apte
987 3695 1034 3765 ad
1056 3703 1224 3765 naturam
1247 3694 1516 3765 accommodan-

462 3805 528 3876 dis.
580 3806 661 3887 Qua
679 3805 724 3877 de
741 3830 780 3877 re
797 3806 982 3880 notissima
1000 3817 1084 3880 suut
1103 3807 1247 3880 Horatii
1267 3808 1438 3894 carmina,
1455 3808 1517 3881 ubi

464 3920 631 4017 Magistri
661 3922 715 3993 sui
747 3920 952 3995 Aristotelis
980 3936 1161 4017 praecepta
1188 3925 1263 3995 fere
1294 3925 1518 3996 adverbum

463 4035 631 4110 reddidit.
685 4038 736 4109 Et
752 4039 911 4131 profecto
929 4041 1025 4134 quod
1048 4039 1086 4110 in
1111 4042 1179 4111 hoc
1200 4062 1332 4135 genere
1358 4039 1519 4133 praestari
