3559 5575
317 182 543 247 an„
578 182 784 246 XIV.
976 182 1108 245 DE
1155 181 1715 247 AFFECTIBU
1717 182 1789 248 S.
2306 183 2431 254 191

315 354 665 427 erectiore
719 354 960 425 studio
1010 354 1084 425 in
1138 377 1292 426 rem
1343 348 1662 449 aliquam
1713 352 2092 439 incumbit,
2134 367 2211 427 et
2254 379 2438 449 spes»,

319 479 581 553 metuS,
614 469 781 552 iras,
825 468 1115 565 gaudia,
1162 471 1460 553 doloreS,
1504 471 1690 553 odia,
1736 481 2085 563 tanquam
2138 495 2270 543 sua
2325 495 2440 543 res

323 608 466 655 non
501 586 737 657 aliena
769 596 1126 681 ageretur,
1159 587 1302 657 huc
1335 586 1507 657 illuc
1541 587 1784 658 delata
1817 586 2150 678 concipit.

427 702 611 773 Haec
646 713 730 774 ut
765 703 1069 773 sentiam
1105 703 1228 796 qui
1275 703 1616 786 effecerit,
1652 726 1797 773 non
1847 701 2191 772 mediocri
2233 701 2438 772 illum

319 817 669 890 facultate
718 821 985 911 pollere
1037 818 1387 889 dixerim:
1440 842 1675 911 neque
1717 818 1798 889 id
1842 818 1980 889 arti
2018 818 2437 888 obfuturum

325 934 687 1016 existimo,
724 935 784 1005 si
818 934 1056 1005 dubiis
1094 935 1306 1003 rebus
1352 945 1427 1004 et
1462 934 1742 1005 afflictis
1790 936 2094 1004 salutem
2143 932 2439 1004 tandem

329 1050 610 1130 afferat,
656 1058 730 1119 et
774 1071 1081 1141 quorum
1132 1048 1449 1140 pericula
1505 1059 1580 1119 et
1626 1051 1903 1121 labores
1954 1048 2441 1140 spectantibus

331 1162 696 1245 obtulerit,
747 1186 868 1234 eos
924 1164 1216 1233 demum
1270 1164 1659 1234 incolumes
1713 1174 1791 1234 et
1838 1165 2041 1234 laetos
2100 1162 2444 1235 dimittat.

332 1278 774 1371 Hujusmodi
826 1278 1119 1371 quidem
1156 1278 1602 1369 voluptatem
1647 1273 2083 1370 Tragoediae
2115 1300 2261 1347 non
2297 1301 2448 1348 esse

326 1392 711 1486 propriam,
739 1395 947 1486 cujus
975 1393 1080 1463 vis
1107 1402 1380 1463 terrore
1407 1403 1483 1463 et
1506 1394 1704 1463 luctu
1742 1392 2080 1487 augendo
2108 1392 2446 1475 cernitur,

330 1508 595 1580 criticis
644 1507 952 1579 libenter
1000 1507 1410 1578 concedam.
1515 1507 1773 1601 Neque
1819 1508 1897 1577 in
1934 1506 2131 1579 verbi
2167 1517 2449 1578 contro-

329 1623 564 1694 versia
596 1624 867 1693 haerere
891 1625 1124 1718 juvat.
1230 1623 1446 1706 Quod
1487 1623 1547 1693 si
1581 1630 1880 1693 naturae
1912 1622 2007 1693 sit
2036 1623 2349 1716 propria,
2385 1623 2446 1693 si

332 1764 579 1812 sensus
611 1724 986 1811 hominum
1019 1749 1407 1832 pertentet,
1432 1739 1495 1809 si
1526 1752 1843 1810 mentem
1879 1740 2112 1834 erigat
2137 1740 2445 1810 inertem

333 1864 407 1925 et
452 1854 893 1949 languidam,
945 1853 1005 1924 si
1056 1878 1184 1925 nos
1236 1877 1523 1946 cupere,
1570 1877 1880 1945 sperare,
1915 1854 2179 1935 dolere,
2211 1851 2449 1924 laetari

332 1970 575 2052 faciat,
597 1969 895 2039 minime
921 1991 1081 2039 eam
1108 1969 1408 2060 poeticis
1434 1969 1691 2039 finibus
1717 1970 2013 2039 exulare
2030 1971 2450 2061 jubeamus3

334 2086 463 2157 sed
498 2107 1002 2177 quamcunque
1035 2084 1293 2154 induat
1325 2084 1654 2166 formam,
1690 2083 2030 2174 amplecti
2063 2106 2225 2153 eam
2262 2085 2453 2153 ultro

336 2210 414 2273 et
445 2200 690 2271 fovere
724 2197 1122 2290 praestabit.

441 2322 551 2391 Et
582 2318 906 2413 profecto
941 2319 1001 2389 si
1034 2341 1186 2389 rem
1219 2317 1504 2412 longius
1547 2317 1664 2389 hic
1706 2318 2039 2411 persequi
2083 2319 2455 2411 expediret

338 2459 507 2530 quae
542 2436 635 2505 ad
670 2443 1107 2528 postremam
1142 2431 1375 2525 operis
1408 2442 1688 2524 partem
1736 2433 1998 2504 rectius
2042 2434 2454 2525 pertinebit,

335 2550 679 2646 perfacile
764 2558 1162 2620 monstratu
1249 2557 1435 2619 esset
1503 2547 2030 2642 Tragoedorum
2098 2550 2244 2642 opti
2254 2572 2449 2621 mum

335 2689 720 2762 quemque,
753 2675 831 2737 et
864 2664 1288 2757 Euripidem
1328 2664 1619 2757 quidem
1654 2664 1893 2756 ipsum
1935 2667 2028 2737 ab
2060 2666 2451 2741 Aristotele

336 2778 802 2881 Τραγικῶτατον
853 2781 1315 2874 appellatum,
1363 2781 1578 2875 hujus
1630 2804 1848 2874 quam
1898 2792 2107 2854 vocat
2140 2778 2454 2874 infirmi-

343 2895 522 2969 tatis
552 2908 822 2968 nostrae
854 2896 959 2967 ita
989 2896 1345 2967 rationem
1377 2895 1734 2981 habuisse,
1761 2905 1847 2966 ut
1871 2897 2215 2988 plurimas
2249 2898 2452 2971 exitu

344 3013 540 3085 felici
570 3012 848 3082 fabulas
882 3012 1371 3093 condiderint3
1423 3011 1786 3082 nonnullis
1827 3023 2071 3084 autem
2117 3037 2282 3106 quae
2323 3013 2456 3082 mi-

348 3128 644 3199 serrime
687 3126 1045 3209 exierunt,
1091 3126 1242 3218 spei
1289 3135 1532 3197 tamen
1585 3127 1917 3198 solatium
1969 3129 2328 3221 quoddam
2380 3140 2456 3201 et

348 3241 661 3312 fortunae
695 3239 1006 3310 melioris
1038 3240 1308 3311 futurae
1343 3241 1722 3335 augurium
1756 3244 2271 3333 praetulerunt:
2326 3244 2458 3314 sic-

348 3355 461 3426 uti
483 3356 560 3425 in
582 3356 864 3441 Oreste,
887 3354 965 3425 in
988 3354 1252 3449 OEdipo
1279 3355 1637 3438 Colonaeo,
1662 3356 1740 3426 in
1771 3357 2087 3429 Hercule
2114 3359 2456 3444 Furente,

350 3470 568 3543 etiam
603 3462 679 3540 in
715 3471 982 3542 Medea
1013 3471 1168 3564 ipsa
1202 3471 1677 3543 animadverti
1710 3473 1902 3545 licet.
1980 3473 2456 3568 Longioribus

350 3595 595 3657 autem
628 3587 705 3655 in
738 3587 1111 3678 poematiS,
1137 3590 1625 3683 cujuscunque
1649 3589 1900 3660 formae
1925 3589 2216 3677 fuerint,
2242 3592 2458 3663 datur

348 3699 430 3770 id
461 3701 810 3771 lectorum
848 3703 1363 3774 benevolentiae
1390 3727 1476 3774 ac
1498 3703 1706 3788 votiS,
1729 3715 1813 3777 ut
1837 3705 2014 3777 felix
2039 3707 2455 3800 plerumque

349 3814 616 3886 evadat
647 3815 958 3886 fortunae
993 3839 1260 3888 cursus.

452 4042 504 4111 J
507 4064 625 4113 am
653 4065 822 4114 vero
855 4045 1047 4138 quod
1079 4046 1418 4140 principis
1452 4047 1752 4144 alicujus
1777 4051 1915 4121 viri
1942 4052 2264 4123 fortunas
2299 4073 2462 4120 nar-
