3559 5575
207 585 330 650 Post.
348 584 408 648 1v.
565 585 630 650 DE
654 585 969 651 ΙΜΙΤΑΤΙΟΝΕ.
1231 587 1275 654 47

205 757 467 851 praetermitto,
480 757 609 851 quibus
621 757 716 830 inest
728 759 834 831 ardor
846 783 930 830 vere
942 759 1115 852 poeticus,
1127 770 1167 830 et
1178 758 1217 830 iu
1229 757 1275 830 iis

207 898 274 945 me
292 875 459 946 contineo
476 873 540 967 qui
555 875 708 947 formam
726 875 810 969 equi
827 876 1029 969 praesertim
1043 875 1264 967 exprimunt.

800 993 853 1059 llli
868 996 970 1060 ardua
979 995 1101 1092 cervix,

305 1099 534 1184 Argutumque
547 1111 656 1184 caput,
671 1096 775 1161 brevis
789 1097 890 1176 alvus,
905 1097 1064 1186 obesaque
1078 1112 1186 1185 terga;

305 1199 529 1285 Luxuriatque
545 1199 620 1264 toris
635 1199 810 1264 animosum
824 1215 955 1288 pectus:

211 1321 254 1383 et
272 1320 354 1404 post
370 1312 491 1403 paulo,

306 1431 416 1494 Densa
424 1429 517 1515 juba,
532 1444 564 1493 et
577 1427 691 1495 dextro
700 1429 821 1518 jactata
835 1431 992 1497 recumbit
1006 1431 1040 1496 in
1054 1455 1154 1497 armo.

308 1532 357 1594 At
372 1529 492 1618 duplex
507 1530 614 1618 agitur
628 1555 685 1618 per
699 1533 825 1598 lumbos
839 1535 941 1621 spina,
953 1550 1108 1622 cavatque

214 1679 218 1686 x
309 1632 484 1711 Tellurem,
501 1650 533 1697 et
547 1633 648 1698 solido
661 1634 801 1722 graviter
815 1649 905 1700 sonat
919 1636 1041 1724 ungula
1054 1659 1162 1701 oornu.

217 1747 316 1818 Illud
333 1748 473 1818 interea
488 1747 696 1841 priusquam
715 1771 762 1819 ex
781 1749 836 1819 his
859 1748 1054 1820 discessum
1076 1747 1186 1821 fuerit
1204 1769 1279 1818 me-

218 1864 434 1935 morandum
457 1864 559 1947 duxi,
578 1862 797 1958 (quanquam
816 1865 862 1935 ad
879 1865 986 1935 aliam
1004 1864 1122 1958 operis
1137 1874 1277 1958 partem

219 1980 336 2076 magis
352 1981 531 2072 pertinere
548 1980 741 2074 videatur,)
759 2004 888 2073 nempe
914 2006 986 2075 quo
1011 1980 1131 2052 studio
1155 1979 1278 2052 caeteri

219 2097 295 2168 fere
313 2097 437 2168 Poetae
459 2096 579 2169 omnia
602 2106 779 2168 conantur
804 2097 850 2168 ad
877 2099 997 2168 oculos
1022 2099 1167 2183 referre,
1183 2097 1277 2169 etin

219 2211 402 2306 pingendo
419 2234 603 2304 nunquam
621 2235 658 2282 se
674 2211 806 2282 nimios
823 2235 899 2282 esse
915 2221 1058 2305 putant,
1076 2213 1201 2283 eodem
1223 2211 1278 2282 di-

221 2326 346 2396 vinum
382 2329 478 2398 hunc
512 2327 755 2400 Mantuanum
786 2328 831 2398 ab
865 2329 1025 2399 externis
1055 2327 1102 2398 ad
1130 2327 1277 2399 intimos

222 2442 335 2512 animi
351 2466 475 2514 sensus
486 2443 649 2526 transire,
663 2453 701 2513 et
714 2465 854 2512 summa
871 2465 939 2535 ope
957 2443 1025 2514 niti
1042 2454 1085 2514 ut
1099 2442 1278 2514 fervidum

225 2557 298 2625 alat
321 2555 518 2650 ingenium,
536 2567 574 2627 et
594 2556 767 2648 ampliora
793 2579 903 2648 quam
928 2580 1011 2648 quae
1041 2557 1280 2650 subjiciuntur

227 2670 337 2742 oculis
353 2671 452 2741 ineat
469 2669 595 2762 spatia.
639 2670 738 2740 Hinc
754 2670 911 2766 imagine
928 2670 1012 2763 equi
1023 2673 1100 2765 jam
1119 2673 1281 2744 absoluta

226 2785 349 2858 statim
376 2785 483 2857 altius
509 2785 680 2881 erigitur:
707 2785 803 2857 Deos
826 2798 863 2857 et
883 2785 1033 2871 Heroas,
1051 2788 1209 2880 speciosa
1225 2799 1281 2862 at·

225 2912 344 2973 tentat
373 2902 583 2995 antiquioris
615 2902 686 2973 aevi
712 2912 938 2997 argumenta,
964 2903 1103 2975 fabulas
1132 2905 1278 2999 quidem

224 3018 314 3100 illas,
330 3018 395 3089 sed
416 3040 498 3110 quae
522 3017 560 3087 in
587 3028 713 3111 pectus
737 3016 887 3090 influere
916 3027 954 3089 et
980 3042 1104 3091 sensus
1131 3020 1278 3093 mirifice

224 3135 402 3206 delectare
420 3135 551 3206 valent.

311 3246 397 3312 Talis
411 3246 564 3335 Amyclaei
580 3247 719 3312 domitus
734 3246 872 3312 Pollucis
886 3247 1017 3312 habenis

313 3348 471 3435 Cyllarus,
486 3364 529 3428 et,
539 3371 676 3434 quorum
692 3348 783 3414 Graii
797 3348 967 3433 meminere
982 3350 1102 3425 Poetae,

313 3450 430 3515 Martis
444 3450 517 3535 equi
531 3450 667 3537 bijuges,
682 3463 714 3513 et
728 3450 835 3537 magni
849 3472 962 3513 currus
977 3449 1124 3514 Achillia.

312 3551 400 3619 Talis
414 3565 447 3614 et
461 3550 528 3637 ipse
537 3550 650 3637 jubam
666 3549 785 3614 cervice
800 3549 914 3613 effudit
928 3549 1045 3635 equina

315 3651 470 3741 Conjugis
484 3652 623 3717 adventu
637 3652 749 3739 pernix
766 3653 932 3730 Saturnus,
948 3666 980 3716 et
993 3651 1093 3717 altum

315 3756 425 3823 Pelion
439 3754 565 3821 hinnitu
579 3754 705 3842 fugiens
718 3752 861 3840 implevit
875 3768 978 3819 acuto.

276 3872 360 3942 Jam
371 3892 455 3940 vero
467 3878 509 3940 ut
521 3867 558 3938 in
573 3866 651 3938 aliis
669 3890 811 3962 quoque
828 3868 980 3939 eandem
996 3890 1074 3937 rem
1091 3890 1280 3963 persequa-

227 4010 320 4070 mur,
340 4006 546 4079 quanquam
571 3983 757 4055 hominum
784 3982 900 4078 effigie
925 3993 963 4056 et
988 3983 1188 4055 actionibus
1214 3985 1280 4055 hu-

227 4102 343 4175 manis
361 4099 473 4195 magis
490 4108 588 4171 certe
606 4114 802 4183 movemur,
820 4100 998 4171 tamenin
1015 4099 1071 4171 his
1092 4100 1179 4194 ipsis
1200 4101 1280 4173 bre·

227 4216 304 4289 vior
321 4228 375 4289 est
391 4217 452 4288 illa
468 4226 577 4311 atque
593 4214 804 4309 imperfecta
817 4216 982 4309 voluptas
998 4240 1081 4310 quae
1098 4225 1145 4288 ex
1161 4216 1281 4289 imita·

227 4335 325 4405 tione
349 4336 422 4405 sola
445 4333 569 4405 oritur.
620 4333 717 4416 Quid
738 4332 852 4429 magis
877 4333 925 4404 ad
949 4343 1116 4405 naturam
1142 4332 1281 4404 accedit

228 4474 337 4544 quam
355 4448 558 4521 Catulliana
575 4448 636 4521 illa
652 4448 810 4521 faeminae
827 4448 947 4521 nentis
964 4449 1106 4543 figura?
