3559 5575
501 591 523 651 4
791 584 1082 650 PRAELECTIO
1103 582 1274 647 Pnlnm.

499 763 615 836 tiones
632 761 877 856 investigaret,
891 759 922 831 is
937 759 1098 853 profecto
1113 756 1284 852 frigidam
1299 753 1459 848 aliquam
1476 781 1569 829 con·

500 886 643 950 texeret
667 875 897 958 cantilenam,
922 875 986 944 vix
1017 873 1138 967 pueris
1166 871 1301 942 nedum
1329 871 1430 942 vobis
1459 874 1567 944 audi·

501 995 643 1065 endam.
694 993 827 1076 Quare,
851 1003 990 1062 utnon
1018 990 1125 1061 modo
1150 987 1238 1081 quid
1262 987 1300 1057 in
1327 999 1475 1081 quoque
1500 1013 1567 1084 ge-

501 1133 587 1181 nere
603 1109 794 1202 pulchrum
811 1108 858 1179 sit
872 1117 937 1179 aut
949 1108 1141 1190 excellens,
1154 1114 1487 1187 commonstrem,
1498 1107 1566 1177 sed

502 1235 545 1296 ut
570 1225 762 1296 doceamus
787 1224 875 1295 item
903 1220 1175 1315 quibusmodis
1200 1221 1279 1290 haec
1306 1226 1372 1290 aut
1398 1219 1461 1290 illa
1488 1222 1566 1292 effi-

503 1339 655 1426 ciantur,
682 1364 748 1412 our
779 1339 962 1424 miremur,
992 1360 1212 1418 moveamur,
1238 1337 1472 1421 mulceamur,
1500 1338 1566 1409 de-

502 1456 688 1539 lectemur,
705 1456 794 1550 quid
816 1455 863 1526 sit
881 1464 1029 1526 secretae
1045 1453 1085 1522 in
1101 1451 1198 1524 sonis
1214 1461 1324 1544 atque
1345 1451 1563 1545 imaginibus

503 1573 691 1665 potestatis
707 1581 750 1644 ut
766 1571 925 1665 placidos
940 1570 1107 1652 reddant,
1124 1579 1167 1639 ut
1184 1577 1355 1654 attentos,
1367 1577 1409 1639 ut
1426 1570 1562 1655 molles,

503 1699 545 1759 ut
562 1690 822 1784 magnanimos,
842 1699 885 1760 ut
909 1685 1166 1768 misericordes,
1188 1695 1232 1755 ut
1254 1684 1350 1755 ultra
1374 1685 1468 1754 hanc
1493 1696 1565 1754 ste-

503 1804 605 1875 rilem
631 1807 799 1876 humanae
816 1805 902 1874 vitre
926 1812 1059 1874 sortem
1084 1801 1132 1871 ad
1156 1800 1300 1872 altiores
1324 1799 1497 1892 quosdam
1524 1810 1564 1870 et

504 1919 697 1990 diviniores
723 1943 847 1991 sensus
876 1941 942 1989 nos
970 1916 1125 2009 rapiant,
1150 1917 1189 1989 id
1212 1938 1298 1988 vero
1323 1939 1396 1987 non
1423 1927 1479 1988 est
1506 1919 1565 1988 vel

504 2035 632 2106 leviter
657 2035 923 2130 attingendum,
949 2033 1017 2104 nisi
1043 2033 1124 2127 quis
1148 2034 1248 2126 prius
1276 2033 1473 2104 affectuum
1498 2057 1566 2104 no-

505 2162 661 2222 strorum
686 2174 832 2247 genera,
853 2174 989 2234 causas,
1011 2174 1138 2233 nexus,
1156 2150 1348 2222 varietates
1372 2150 1565 2245 diligenter

505 2267 746 2359 perpenderit,
771 2267 841 2337 nisi
865 2267 1088 2339 intellexerit
1117 2290 1285 2361 quaeuam
1315 2267 1412 2337 inter
1438 2291 1494 2338 res
1525 2279 1565 2338 et

505 2385 615 2456 verba
631 2383 679 2454 sit
696 2382 872 2479 cognatio,
890 2383 1007 2476 qualis
1030 2383 1077 2454 sit
1094 2382 1252 2454 universi
1276 2382 1449 2453 sermonis
1470 2383 1564 2455 ratio

506 2523 548 2572 ac
570 2510 713 2585 natura,
734 2509 771 2572 et
794 2499 882 2592 quid
905 2499 1012 2570 sitin
1038 2499 1174 2594 linguae
1199 2509 1380 2570 structura
1405 2510 1470 2570 aut
1487 2523 1565 2570 ver-

505 2618 632 2689 borum
658 2617 794 2701 ordine,
811 2617 909 2710 quod
931 2615 1119 2689 affectibus
1139 2617 1352 2709 respondeat
1368 2615 1483 2709 iisque
1500 2640 1565 2688 ex·

506 2733 702 2828 primendis
719 2734 766 2805 sit
783 2733 965 2805 idoneum.
1017 2731 1135 2825 Atqui
1151 2732 1188 2803 in
1206 2734 1274 2803 hoc
1291 2731 1415 2804 subtili
1432 2756 1564 2829 genere

506 2849 726 2940 disputandi,
750 2848 881 2918 mirum
908 2860 963 2919 est
985 2859 1162 2941 quantum
1188 2850 1374 2920 conferant
1398 2852 1565 2941 exempla

507 2964 545 3035 in
573 2963 755 3036 communi
781 2986 847 3033 usu
873 2964 1001 3056 posita,
1025 2988 1109 3034 cum
1135 2965 1181 3034 ad
1205 2964 1454 3037 illustrandam
1484 2976 1564 3037 tum

507 3080 618 3153 etiam
647 3080 761 3149 multo
787 3079 901 3173 magis
926 3079 972 3150 ad
997 3081 1277 3152 confirmandam
1302 3096 1563 3175 praeceptorum

508 3196 593 3266 vim.
645 3193 774 3286 Neque
802 3193 900 3265 enim
929 3195 1107 3289 plerisque
1137 3196 1300 3268 nostrirm
1330 3198 1494 3294 contigit,
1522 3208 1565 3269 ut

508 3310 744 3383 vetustiorum
762 3309 967 3406 linguarum
986 3336 1089 3383 voces
1106 3313 1212 3384 celeri
1228 3314 1298 3385 isto
1314 3338 1357 3385 ac
1376 3315 1564 3407 repentino

508 3439 609 3500 motu
627 3426 800 3521 percipiat
818 3426 1019 3499 animorum
1044 3452 1179 3512 sensus,
1195 3454 1268 3523 quo
1289 3430 1327 3499 in
1351 3432 1420 3501 hoc
1442 3442 1564 3504 nostro

509 3568 576 3616 usu
605 3542 816 3638 quotidiano
846 3543 970 3614 omnia
994 3544 1102 3614 simul
1125 3568 1169 3616 ac
1193 3546 1291 3617 dicta
1316 3546 1483 3639 arripere,
1500 3558 1566 3617 aut

508 3661 619 3732 etiam
644 3659 707 3729 vix
732 3659 831 3730 dicta
856 3659 1050 3751 praecipere
1075 3662 1239 3732 solemus.
1289 3661 1500 3743 Quinetiam
1524 3662 1564 3732 in

509 3776 698 3846 verborum
721 3772 758 3841 vi
783 3796 825 3842 ac
851 3775 980 3865 spiritu
1004 3775 1212 3869 judicando,
1237 3777 1309 3847 alia
1333 3778 1407 3849 fere
1421 3788 1488 3851 ,est
1505 3801 1566 3849 ve-

509 3901 628 3961 terum
646 3889 715 3958 alia
732 3888 971 3961 recentiorum
988 3913 1134 3962 norma:
1161 3902 1199 3964 et
1218 3916 1424 3987 quanquam
1447 3894 1484 3964 in
1508 3893 1564 3964 his

510 4007 665 4076 multum
691 4014 788 4076 certe
805 4006 902 4076 valet
919 4006 1078 4078 studium
1102 4032 1145 4079 ac
1169 4009 1342 4081 diuturna
1364 4010 1564 4101 disciplina,

510 4133 632 4194 tamen
655 4121 733 4213 ipsa
755 4145 811 4193 res
833 4122 970 4195 indicat
986 4134 1028 4196 ut
1045 4124 1092 4195 sit
1108 4125 1286 4196 difficilius
1308 4126 1404 4197 inter
1423 4126 1565 4220 singula

510 4236 752 4331 antiquiorum
788 4240 959 4311 vocabula
992 4240 1212 4337 dignoscere,
1246 4243 1334 4336 quid
1367 4242 1415 4313 sit
1442 4266 1563 4337 grave,

510 4355 598 4452 quid
631 4355 771 4437 decens,
802 4355 890 4447 quid
922 4356 1116 4441 insuetum,
1145 4359 1234 4452 quid
1262 4358 1446 4455 frigidum,
1476 4359 1565 4452 quid
