3559 5575
1338 624 2055 711 PRAELECTIO
2135 626 2817 713 TRICESIMA.

1017 918 1122 982 De
1138 914 1464 1002 Allegoria
1486 940 1635 1004 quoe
1654 939 1784 982 non
1805 918 1897 981 ad
1912 918 2122 982 oculos
2149 917 2353 982 solum
2381 906 2685 1002 νῷν-ων.
2750 915 3067 980 Modica
3089 924 3180 978 eu

1102 1020 1243 1105 {jus
1273 1021 1372 1084 vis
1400 1021 1474 1083 in
1510 1021 2244 1107 poemate-praesertim
2271 1022 2332 1084 si
2358 1020 2778 1106 longiorfiat.
2879 1020 3034 1082 Ex
3081 1022 3176 1081 rei

1104 1123 1497 1209 significata:
1532 1123 1812 1210 pondere
1847 1131 1978 1187 tota
2016 1122 2247 1209 pendet
2263 1146 2286 1185 .·
2330 1144 2524 1209 quam
2566 1131 2684 1185 aut
2714 1124 3174 1208 perspicuam

1103 1227 1323 1312 magis
1350 1235 1468 1289 aut
1493 1225 1898 1311 qfficaciorem
1925 1225 2100 1288 debet
2125 1220 2412 1288 reddere.
2504 1225 2603 1288 De
2635 1225 3005 1311 utriusque
3043 1246 3171 1311 ge-

1103 1328 1282 1390 neris
1310 1340 1627 1391 structura
1650 1336 1980 1414 praecepta
2010 1327 2302 1414 quaedam
2330 1327 2592 1391 dantur.
2696 1327 2870 1389 Vitia
2913 1336 3171 1390 notass-

1103 1437 1233 1491 tur.
1326 1429 1588 1493 Criticae
1615 1430 1914 1516 qua-’dam
1943 1431 2288 1494 diluuntur
2315 1431 2708 1516 objectiones.

1849 1710 2292 1759 ——*..-..

1022 1945 1546 2061 QUONIAM
1618 1974 1922 2044 alterum
1990 1971 2381 2066 Allegoriae
2447 1996 2697 2068 genuS,
2766 1975 2966 2066 quod
3054 1973 3151 2043 ad

1018 2093 1388 2164 oculorum
1435 2088 1795 2185 judicium
1849 2087 2141 2158 omnino
2197 2087 2575 2160 videbatur
2628 2090 3146 2181 compositum,

1008 2213 1166 2306 jam
1199 2209 1425 2280 fusius
1459 2216 1569 2278 est
1598 2215 2014 2287 tractatum,
2048 2204 2139 2275 de
2180 2207 2406 2276 altero
2452 2207 2596 2289 illo,
2633 2208 2838 2301 cujus
2874 2205 2984 2276 vis
3039 2207 3148 2274 la-

1017 2326 1163 2396 tius
1195 2325 1562 2419 aliquanto
1595 2333 1842 2415 patere
1868 2320 2020 2391 visa
2053 2332 2184 2403 est,
2213 2345 2442 2413 pauca
2475 2322 2791 2414 primum
2826 2320 3140 2392 dicenda

1018 2440 1238 2510 duxi:
1292 2440 1551 2511 deinde
1586 2437 1856 2532 aliquid
1890 2437 1980 2508 de
2017 2448 2320 2530 utroque
2353 2460 2615 2532 genere
2661 2438 3137 2508 statuendum

1015 2555 1177 2637 erit,
1219 2564 1304 2625 ut
1347 2555 1523 2648 quid
1575 2554 1831 2626 merito
1882 2553 2235 2645 increpari
2285 2553 2532 2645 possit,
2566 2553 2744 2646 quid
2779 2553 2991 2624 venia
3038 2552 3133 2622 sit

1016 2669 1339 2765 dignum,
1376 2692 1452 2740 re
1486 2669 1903 2763 diligentius
1939 2692 2261 2751 excussa,
2298 2669 2688 2740 videamus

1119 2788 1362 2858 Multa
1393 2797 1562 2858 sunt
1596 2784 1791 2857 enim
1837 2786 2273 2881 hujusmodi,
2309 2785 2503 2879 apud
2549 2810 2784 2859 sacros
2832 2808 3132 2878 praeser-

1017 2902 1149 2974 tim
1202 2903 1599 2996 scriptoreS‚
1637 2912 1879 2973 mente
1916 2902 2144 2997 magis
2178 2925 2392 2996 quam
2431 2904 2651 2973 oculis
2686 2902 3125 2973 haurienda:

1016 3043 1239 3114 quum
1289 3019 1618 3091 doctrina
1668 3019 1908 3112 aliqua
1955 3018 2195 3113 gravis
2254 3029 2330 3089 et
2378 3020 2606 3114 frugis
2665 3021 2897 3101 bonae‚
2961 3020 3133 3090 ficta

1017 3137 1327 3230 quadam
1364 3137 1603 3207 fabula
1638 3146 1765 3207 aut
1802 3137 2157 3228 parabola,
2194 3135 2636 3206 auditoribus
2671 3135 3130 3206 commenda-

1015 3262 1160 3322 tur.
1262 3253 1475 3334 Quod
1510 3276 1680 3324 sane
1715 3253 1805 3322 ab
1850 3250 2107 3321 ultima
2153 3250 2587 3344 antiquitate
2633 3252 2824 3344 apud
2878 3275 3130 3322 omnes

1015 3367 1164 3438 fere
1212 3378 1465 3461 gentes
1516 3392 1647 3438 usu
1705 3378 2075 3460 receptum
2135 3378 2436 3450 constat,
2492 3378 2573 3438 ut
2621 3380 2988 3461 praecepta
3040 3369 3130 3439 de

1013 3483 1329 3553 moribus
1361 3507 1505 3554 non
1539 3485 1961 3578 gravissima
1997 3486 2249 3569 solum,
2284 3508 2534 3555 verum
2582 3495 2657 3557 et
2692 3487 2974 3557 minora
3006 3487 3129 3556 illa

1014 3602 1107 3671 ad
1166 3600 1754 3672 consuetudinem
1818 3624 2103 3672 omnem
2157 3601 2330 3671 vitae
2390 3603 2812 3694 spectantia,
2867 3604 3129 3674 fabulis

1013 3716 1340 3789 involuta
1389 3717 1774 3790 traderent.
1882 3716 2140 3810 Neque
2175 3741 2294 3787 eos
2335 3718 2626 3812 quidem
2664 3743 2848 3790 vana
2895 3718 3128 3790 teneri

1015 3834 1348 3929 opinione
1399 3844 1597 3926 puto,
1632 3833 1759 3928 qui
1805 3833 2266 3928 mythologiae
2301 3835 2532 3906 omnis
2569 3837 2755 3906 hanc
2788 3860 2943 3907 esse
2980 3836 3125 3906 vim
