3559 5575
257 503 383 570 Pam.
401 496 460 569 I'V.
602 503 668 571 DE
692 501 1008 571 IMITATIONE
1281 510 1324 578 49

255 689 456 768 structura,
479 676 527 751 d'e
554 680 723 752 arborum
751 675 932 764 insitione,
954 680 1104 774 plurimi
1130 681 1221 754 item
1246 683 1325 755 Ho-

254 796 352 868 meri
367 796 433 890 qui
449 794 662 866 vilissimum
683 797 854 890 quodque
875 795 1076 892 negotium,
1093 795 1189 891 ignis
1212 799 1324 870 susei-

253 911 447 996 tationem
477 911 658 1004 pecudum
692 931 828 996 curam,
856 911 968 983 etiam
1001 912 1108 1006 coqui
1141 922 1207 984 aut
1234 912 1323 984 lanii

254 1026 442 1119 opificium
468 1041 610 1098 summa
636 1047 721 1099 eum
746 1027 818 1098 fide
841 1027 1063 1120 exprimunt.
1115 1027 1216 1110 Quos
1235 1048 1322 1100 vero

253 1141 312 1215 ita
335 1140 578 1239 perstringere
603 1144 722 1216 risum
748 1154 816 1231 est,
839 1165 912 1216 nnn
935 1154 979 1216 ut
995 1144 1211 1217 sanctissimi
1227 1145 1321 1218 vatis

257 1259 514 1331 auctoritatem
535 1258 764 1344 imminuam,
788 1262 893 1356 cujus
920 1263 1104 1332 excelsum
1132 1261 1320 1356 ingenium

256 1383 299 1446 et
314 1384 474 1446 mentem
495 1374 596 1446 illem
623 1375 836 1448 diviniorem
862 1394 974 1470 pmpe
997 1377 1175 1450 attonitus
1196 1357 1319 1462 miror,

259 1490 324 1562 sed
347 1513 394 1562 ne
415 1489 454 1561 in
472 1489 820 1584 vitium.aliquendn
840 1491 996 1564 minores
1012 1495 1136 1565 traluu
1151 1494 1321 1588 imperita

258 1605 383 1703 magni
412 1605 514 1679 ducis
539 1605 709 1691 imitatio,
734 1608 792 1679 cui
817 1630 889 1680 non
915 1607 955 1678 in
981 1607 1146 1681 omnibus
1171 1633 1216 1682 ee
1241 1613 1320 1683 laus

257 1723 436 1809 convenit,
454 1733 498 1795 ut

345 1843 431 1921 Quae
444 1841 591 1928 desperet
606 1853 740 1906 tractata
754 1841 907 1908 nitescere
919 1863 1012 1930 posse
1025 1840 1192 1930 relinqiut.

309 1953 379 2025 His
395 1963 518 2026 autem
533 1953 582 2025 de
598 1963 676 2026 toto
692 1977 825 2050 genere
841 1953 1047 2048 praemissis,
1059 1954 1107 2026 ad
1119 1955 1191 2028 alia
1201 1965 1302 2029 trans

255 2093 393 2156 eamus,
410 2091 493 2164 quae
510 2079 693 2163 praecepto
708 2071 829 2164 aliquo
845 2070 1010 2166 indigere
1022 2070 1203 2143 sidentur.
1230 2072 1317 2144 Illos

255 2186 354 2258 enim
371 2197 494 2279 poetas
511 2185 575 2280 qui
588 2185 785 2279 plurimum
799 2187 1033 2280 descriptioni
1044 2189 1205 2270 student,
1217 2188 1317 2259 cerni

254 2303 342 2374 licet
359 2301 567 2395 saepissime,
583 2325 657 2373 non
682 2301 831 2397 inquam
854 2303 893 2372 in
911 2301 1043 2373 sitium
1067 2301 1261 2387 insumere,
1278 2303 1318 2374 id

257 2418 356 2489 enirn
385 2417 537 2489 iacimus
560 2441 696 2501 omnes,
721 2419 796 2501 sed,
819 2418 918 2511 quod
939 2419 1057 2488 multo
1082 2428 1138 2490 est
1164 2419 1317 2511 turpius,

258 2533 350 2604 vitia
373 2533 451 2626 ipsa
477 2533 515 2604 in
538 2531 675 2604 deliciis
697 2534 840 2604 habere.
893 2531 1058 2601 Primum
1077 2531 1192 2624 igitur
1207 2542 1263 2604 est
1278 2532 1318 2604 in

258 2673 332 2743 quo
356 2649 497 2742 peccari
523 2649 624 2732 solet,
648 2647 745 2742 quod
770 2645 923 2718 sollicita
946 2655 985 2718 et
1008 2645 1183 2718 laboriosa
1206 2671 1318 2722 manu

256 2775 469 2861 percurrant
482 2788 605 2839 omnes
622 2763 676 2837 rei
692 2788 773 2860 quae
790 2773 969 2837 tractatur
984 2772 1125 2856 partes3
1142 2773 1252 2859 atque
1263 2764 1317 2841 ita

253 2884 403 2956 demum
427 2906 465 2955 se
486 2882 677 2977 perfecisse
700 2906 789 2975 opus
813 2880 1002 2975 putent,si
1027 2879 1118 2951 nihil
1140 2904 1214 2954 non
1241 2906 1316 2956 ma·

254 2999 386 3072 nifesto
411 2997 617 3093 expositum
642 2997 819 3092 linquant.
870 2997 926 3069 At
942 3015 1026 3091 quae
1045 3006 1102 3069 est
1117 2996 1181 3070 illa
1202 3000 1315 3073 etiam

255 3116 408 3211 pictura,
425 3118 527 3213 cujus
552 3139 624 3187 non
650 3114 771 3209 aliqua
796 3113 898 3211 rejici
923 3125 962 3187 et
981 3112 1087 3209 quasi
1111 3114 1197 3187 abdi
1213 3118 1315 3189 volu-

255 3233 453 3306 musi-in
479 3255 552 3327 qua
572 3255 644 3304 non
668 3230 806 3325 aliquid
834 3230 1043 3302 delitescere
1060 3232 1169 3324 juvat
1193 3245 1314 3307 mente

253 3349 334 3442 ipsa
348 3372 421 3421 non
439 3349 551 3421 oculis
567 3346 807 3441 spectantium
825 3346 1094 3441 colligendum?
1112 3346 1221 3429 Quod
1231 3349 1264 3419 si
1274 3349 1314 3421 in

254 3462 326 3535 ista
343 3473 432 3547 arte,
450 3461 513 3535 ubi
530 3460 652 3533 omnia
667 3460 785 3554 posita
804 3469 889 3532 sunt
906 3460 946 3532 in
969 3471 1174 3553 conspectu,
1191 3472 1229 3535 et
1244 3462 1315 3534 nisi

254 3581 472 3674 expleantur
495 3577 590 3651 oculi
609 3578 709 3672 jacet
727 3575 873 3649 omnino
893 3598 1007 3661 mens,
1024 3587 1146 3649 tamen
1164 3577 1315 3649 offendi-

254 3718 337 3767 mur
364 3692 554 3790 diligentia
580 3692 688 3765 nimis
713 3692 834 3777 anxis,
858 3702 995 3788 quanto
1018 3692 1312 3769 intolerabiliores

254 3820 340 3883 sunt
359 3810 384 3881 ii
408 3810 484 3905 qui,
505 3810 535 3883 si
557 3811 657 3881 locus
679 3819 745 3881 aut
770 3808 864 3881 actio
889 3810 1057 3903 quiedam
1081 3809 1120 3881 in
1144 3824 1311 3906 poemate

252 3924 479 4014 describitur,
496 3926 638 4023 singula
653 3950 700 3998 ex
718 3926 842 3998 ordine
865 3936 1064 4011 recensent,
1080 3937 1119 4000 et
1135 3938 1310 4026 tanquam

253 4042 399 4115 officiosi
412 4042 571 4125 comites,
584 4041 675 4114 nihil
687 4042 786 4114 cerni
801 4064 905 4135 posse
920 4040 959 4113 in
976 4044 1082 4115 rebus
1098 4043 1311 4117 existimant

253 4158 322 4231 nisi
340 4158 437 4254 quod
453 4158 522 4252 ipsi
538 4158 653 4255 digito
671 4160 890 4231 monstrent!

304 4274 454 4347 Nemini
470 4276 527 4347 cui
541 4276 580 4347 in
593 4275 758 4347 manibus
769 4285 825 4348 est
838 4274 988 4358 Statius,
996 4284 1062 4346 aut
1075 4274 1309 4359 Claudianus,

253 4392 452 4465 autetiam
478 4391 643 4476 Ovidius,
666 4393 819 4466 deerunt
843 4392 1011 4483 exempla
1035 4412 1120 4482 quse
1148 4390 1185 4459 in
1216 4390 1310 4459 hanc

766 4527 792 4576 r,
