3559 5575
1002 3 1135 68 82)
1675 0 1919 63 PARS
1969 0 2418 62 SECUNDA
2666 0 2908 63 Pau-
2937 0 3153 64 XXV.

1093 172 1217 236 Nae
1257 169 1399 249 ista,
1440 168 1711 257 aedepol,
1747 169 1801 233 si
1839 168 1976 234 haec
2014 191 2166 233 vera
2205 166 2515 253 loquitur,
2552 190 2636 233 ex
2683 170 3010 234 amussim
3060 193 3150 235 ει

1349 286 1632 359 optuma.
2292 273 2621 336 Anrmr.
2657 273 2757 336 11.
2792 276 2863 351 2,
2900 275 3062 343 ms.

1007 401 1427 494 Pariterque
1464 399 1829 492 Pamphili
1869 399 1946 471 in
1982 398 2267 470 Andria
2313 400 2698 472 candidam
2744 425 2835 472 ac
2881 404 3146 474 libera-

1003 518 1144 587 lem
1197 517 1509 587 indolem
1563 515 1812 587 statim
1864 517 2118 587 edocet
2165 538 2311 586 non
2357 540 2454 586 ex
2510 517 2917 611 longinquo
2974 543 3139 589 sane

1002 633 1232 727 petita
1265 631 1647 716 sententia,
1675 655 1908 726 neque
1944 642 2101 703 arte
2135 632 2522 715 elaborata,
2549 635 2677 704 sed
2710 636 3014 726 qualem
3047 659 3139 706 ex

1000 751 1184 823 bene
1216 750 1604 821 informato
1637 747 1881 819 animo
1907 771 2020 819 res
2048 747 2202 841 ipsa
2236 770 2403 841 quae
2437 748 2679 843 agitur
2711 762 2984 841 sponte
3017 751 3137 822 eli-

1004 875 1222 937 ceret.
1499 864 1511 887 ‘

1091 1053 1264 1138 Ego,
1319 1047 1616 1128 Charine,
1666 1046 2040 1135 neutiquam
2094 1045 2370 1112 officium
2429 1045 2608 1111 liberi
2667 1068 2805 1110 ease
2859 1046 3131 1112 hominis

1094 1255 1264 1319 Cum
1337 1165 1613 1318 iguiiiliil
1668 1266 2048 1340 promereat,
2106 1249 2431 1337 postulare
2486 1248 2555 1312 id
2610 1247 2838 1336 gratiae
2895 1250 3129 1336 apponi

1092 1456 1155 1519 Ν
1163 1379 1382 1543 nptias8
1381 1355 1679 1542 ¹gili-'ugere
1705 1478 1828 1543 ego
1855 1455 2005 1521 istas
2030 1453 2219 1534 malo,
2249 1475 2445 1541 quam
2474 1466 2545 1517 tu
2577 1451 2934 1616 adipilscier.

2470 1557 2659 1618 Am).
2780 1600 2797 1618 .
2830 1556 2896 1633 1,
2931 1556 3044 1618 80.

1105 1785 1293 1856 Sunt
1327 1788 1485 1857 haec
1519 1785 1809 1880 quidem
1847 1785 1924 1855 in
1959 1785 2295 1856 universo
2339 1805 2602 1879 genere
2637 1782 2978 1867 virtutis;
3029 1788 3133 1857 lo-

1005 1900 1247 1996 cisque
1280 1902 1419 1974 illis
1454 1902 1918 1973 continentur
1950 1901 2473 1986 communibuS‚
2508 1900 2700 1970 unde
2743 1924 2966 1972 omne
3014 1927 3133 1973 su-

1005 2018 1348 2090 mendum
1383 2028 1495 2089 est
1528 2027 1602 2089 et
1630 2015 2042 2088 Rhetoricae
2078 2026 2153 2087 et
2181 2015 2499 2087 Poeticae
2534 2015 3128 2087 instrumentum.

1005 2131 1290 2204 Summi
1326 2158 1492 2205 vero
1527 2133 1817 2204 artificis
1852 2143 1961 2203 est
1996 2155 2092 2202 ex
2123 2133 2261 2202 hoc
2293 2132 2496 2202 fonte
2539 2130 2645 2202 ita
2691 2131 3012 2217 haurire,
3047 2142 3131 2204 ut

990 2247 1396 2346 proprium
1415 2250 1606 2320 illico
1632 2250 1825 2342 quod
1851 2247 2138 2318 haurias
2159 2257 2234 2318 et
2256 2242 2648 2341 singulare
2675 2248 2824 2318 fiat.
2878 2248 3128 2329 Quan-

1004 2385 1222 2456 quam
1259 2364 1450 2435 enim
1486 2364 1859 2457 perpaucis
1885 2373 2165 2435 constet
2190 2362 2564 2435 elementis
2599 2374 2862 2434 natura
2896 2364 3128 2433 homi-

1004 2501 1205 2560 num,
1229 2489 1472 2550 tamen
1503 2502 1598 2551 ex
1630 2481 1767 2550 hac
1792 2488 1943 2549 tam
1969 2479 2252 2549 infinita
2280 2479 2745 2550 multitudine
2772 2503 2993 2551 nemo
3018 2491 3126 2550 est

1003 2594 1122 2666 cui
1156 2618 1295 2665 non
1333 2617 1543 2665 suum
1579 2595 1940 2687 quoddam
1978 2594 2191 2665 unius
2218 2595 2334 2682 sit,
2360 2595 2553 2666 unde
2588 2618 2631 2664 a
2663 2595 2950 2666 caeteris
2984 2596 3125 2666 dis-

1004 2709 1243 2807 tingui
1275 2710 1520 2804 possit.
1594 2711 1698 2780 Et
1731 2711 2074 2805 quoniam
2109 2712 2502 2783 affectuum
2535 2712 2760 2782 ferme
2796 2712 3120 2782 omnium

1004 2826 1114 2898 vis
1147 2826 1221 2897 in
1259 2822 1779 2921 singularibus
1813 2826 2153 2910 cernitur,
2187 2827 2370 2899 nihil
2413 2828 2931 2899 elaborandum
2976 2852 3121 2898 ma-

1004 2942 1137 3038 gis,
1188 2964 1406 3036 quam
1456 2953 1541 3014 ut
1589 2943 1779 3014 fictae
1830 2942 2235 3014 fabularum
2298 2967 2621 3036 personae
2680 2967 2824 3014 non
2871 2965 3121 3037 geum

1007 3059 1219 3130 modo
1251 3061 1652 3131 humanum
1685 3058 2025 3145 referant,
2059 3058 2186 3129 sed
2218 3058 2433 3130 sicuti
2472 3070 2582 3130 est
2614 3059 2691 3129 in
2730 3058 2906 3129 vitae
2957 3082 3122 3131 con·

1005 3174 1409 3262 suetudine,
1443 3200 1571 3247 suo
1605 3197 1911 3269 quaeque
1943 3174 2194 3247 habitu
2234 3174 2494 3246 mentis
2529 3186 2604 3247 et
2641 3198 2925 3246 morum
2959 3197 3120 3266 pro-

1005 3291 1313 3382 prietate
1345 3293 1678 3386 gaudeat.
1747 3293 1986 3374 Quam
2021 3292 2313 3385 quidem
2346 3292 2767 3364 facultatem
2798 3292 3121 3362 Homero

1003 3429 1101 3476 ex
1152 3405 1446 3492 Graecis,
1478 3407 1670 3477 inter
1703 3407 2005 3479 Latinos
2038 3407 2346 3503 Virgilio
2393 3418 2468 3479 et
2503 3407 2849 3479 Terentio
2900 3407 3122 3499 potis·

1006 3520 1268 3593 simum
1301 3520 1700 3593 tribuerim.

1108 3637 1227 3708 Sic
1259 3637 1515 3731 patriae
1548 3660 1865 3709 amorem
1902 3636 2189 3734 egregie
2229 3639 2522 3732 quidem
2572 3637 2699 3710 sed
2745 3662 2875 3710 suo
2926 3660 3121 3709 more

1006 3777 1157 3847 prae
1207 3776 1283 3824 se
1327 3753 1469 3825 fert
1503 3752 1817 3847 Ulysses‚
1868 3776 2096 3848 quum
2140 3755 2415 3827 Ithacae
2463 3755 2656 3826 illius
2708 3754 3121 3847 asperrimae

1007 3868 1467 3963 descriptioni
1500 3870 1892 3963 interponit
1927 3870 2088 3956 ista,

3361 47 3367 244 J

3364 419 3367 501 ί
