3559 5575
329 523 732 592 PRAELECTIONUM
756 527 1076 594 ARGUMENTA.
1193 553 1236 595 xv

225 696 397 762 referendis
411 697 563 784 firgienda
577 712 624 762 est
634 699 737 762 nimiu
745 701 892 785 partiam
902 699 1077 778 distinctio,
1086 697 1145 763 nisi
1155 697 1238 764 inter

224 801 384 864 minorum
402 802 552 889 gentium
573 801 660 864 Deos
680 814 823 866 versetur
844 800 986 889 scriptor.
1031 800 1239 867 Admirabilis

226 901 260 968 in
279 901 339 968 hac
356 925 390 967 re
406 901 528 990 Virgilii
547 902 726 990 prudentia.
772 903 897 968 Eadem
918 903 985 968 sere
1004 905 1148 968 Homero
1169 904 1239 971 laus

225 1004 370 1070 debetur.
417 1005 596 1070 Plurimum
616 1029 699 1094 saepe
713 1006 797 1071 valet
814 1029 916 1070 ursum
935 1005 1098 1092 quoddam
1115 1007 1161 1071 rei
1182 1009 1238 1073 ud-

213 1109 370 1193 junctum
390 1121 497 1195 aperte
515 1121 698 1172 monstrare.
745 1109 809 1174 Sed
830 1109 940 1173 formis
963 1108 1161 1196 potissimum
1183 1111 1239 1176 ob-

226 1209 418 1275 scurioribus
431 1223 647 1274 commovetur
660 1209 782 1274 lectoris
796 1233 895 1276 mens.
1115 1235 1147 1300 p
1162 1213 1236 1279 856.

403 1417 650 1476 PRAELECTIO
672 1418 864 1477 VICESIMA
884 1419 1014 1476 NONA.

181 1519 238 1583 De
266 1517 412 1582 Personis
440 1519 641 1606 Allegorio‘a.
685 1519 791 1596 Quare
819 1518 922 1582 fusius
948 1519 1000 1584 hae
1028 1518 1240 1586 describendae

228 1633 304 1684 sunt
325 1640 421 1704 quam
446 1617 630 1683 Coeleatium
652 1617 780 1706 effigies,
801 1619 980 1706 exponitur.
1026 1622 1240 1685 Raro-tamen

229 1734 303 1787 sunt
316 1721 582 1787 adhibendae-et
595 1720 654 1785 nisi
669 1743 734 1785 rem
749 1720 887 1806 aliquam
903 1722 1090 1810 apertiorem
1106 1723 1242 1788 reddant

228 1823 356 1888 omuino
370 1822 566 1911 respuendae.
612 1822 747 1887 Puerilis
760 1837 808 1886 est
821 1845 909 1887 error
923 1824 1123 1911 quorundam
1137 1825 1243 1890 omnia

229 1926 271 1992 nd
288 1925 395 1990 oculos
413 1926 538 1991 referre.
584 1925 752 1991 Claudiani
767 1925 927 2013 praeeipue
940 1925 974 1990 in
986 1926 1047 1991 hoe
1059 1950 1175 2015 genere
1188 1951 1243 1992 ex·

230 2028 550 2116 pendunturmerita.
1118 2053 1152 2118 p.
1166 2033 1240 2099 370.

466 2237 712 2298 PRAELECTIO
732 2237 966 2296 TRICESIMA.

187 2341 240 2406 De
254 2341 421 2430 Allegoria
433 2362 507 2427 quoe
521 2363 585 2407 non
598 2340 640 2406 ad
653 2339 761 2405 oculos
772 2339 873 2404 solum
884 2339 1032 2405 refertur.
1055 2338 1186 2404 Modioa
1195 2352 1244 2403 est

231 2443 301 2531 ejus
314 2443 363 2507 vis
383 2442 416 2506 in
438 2440 801 2529 poemate-praesertim
821 2440 846 2504 si
865 2439 991 2527 longior
1010 2441 1079 2504 liat.
1123 2442 1177 2504 Ex
1199 2441 1244 2504 rei

231 2545 414 2632 significate
436 2541 576 2628 pondere
600 2554 667 2606 tota
688 2539 822 2627 pendet:
847 2563 944 2626 quam
968 2554 1025 2605 aut
1046 2542 1244 2629 perspicuam

232 2645 333 2732 magis
347 2653 404 2706 aut
415 2640 617 2705 efficaciorem
631 2639 726 2704 debet
736 2639 880 2703 reddere.
909 2642 962 2704 De
974 2641 1139 2729 utriusque
1148 2665 1244 2729 gene-

233 2747 278 2813 ris
291 2753 456 2813 amorra
470 2756 628 2831 praecepta
641 2741 789 2830 quaedam
805 2740 932 2807 dantur.
977 2742 1062 2809 Vitia
1084 2759 1244 2826 notantur,

235 2849 361 2917 Criticae
375 2845 522 2934 qutedam
538 2844 706 2912 diluuntur
718 2844 917 2932 objectiones.
1120 2872 1153 2935 p.
1168 2850 1245 2914 882.

392 3054 639 3115 PRAELECTIO
651 3052 883 3112 ffRlcESIMA
903 3053 1044 3112 PRIMA.

192 3158 244 3224 De
266 3158 418 3223 monstris
440 3171 473 3223 et
492 3157 668 3245 prodigiis.
715 3156 799 3221 Sunt
825 3155 894 3219 haeo
921 3154 1051 3243 quidem
1075 3154 1246 3243 Allegoriis

233 3259 459 3349 prestantioris.
503 3258 603 3323 Nimii
617 3272 693 3323 sunt
706 3257 739 3322 in
752 3257 837 3322 hisee
851 3257 1024 3323 referendis
1036 3258 1173 3323 rudioris
1186 3258 1246 3323 oeri

233 3378 353 3451 poetae:
378 3361 435 3448 qui
452 3382 548 3448 porro
567 3358 719 3424 miracula
734 3382 793 3423 sua
813 3359 855 3425 nd
876 3361 981 3425 nodos
1007 3360 1099 3425 unioe
1121 3384 1247 3449 eompu-

234 3478 326 3529 nunt.
364 3466 413 3527 At
426 3485 484 3549 per
497 3475 626 3527 ooeteros
641 3484 761 3540 senene,
776 3461 934 3541 auditum,
949 3475 1081 3539 tactum,
1096 3461 1246 3527 olfactum

235 3566 343 3645 etiam,
374 3564 545 3630 Phantasia
580 3576 628 3627 est
656 3560 850 3628 solicitanda.
904 3562 1083 3643 Silentium,
1113 3562 1247 3652 religiosi

235 3682 351 3749 metus,
367 3681 400 3733 et
413 3665 566 3756 quicquid
577 3665 685 3731 animo
700 3664 830 3731 tacitum
845 3664 1006 3745 horrorem
1021 3665 1115 3753 parit,
1125 3666 1168 3731 ad
1181 3690 1248 3732 eos-

235 3770 310 3837 dem
324 3792 401 3835 usus
415 3782 490 3835 sunt
503 3768 624 3834 idonea.
1120 3791 1154 3857 p.
1168 3767 1245 3840 396.

363 3976 611 4035 PRAELECTIO
631 3975 854 4037 TRICESIMA
876 3974 1077 4034 SECUNDA.

199 4075 246 4145 De
269 4078 404 4144 Fabulis
425 4078 666 4166 Mytlrologioia.
710 4077 785 4141 Non
808 4098 849 4141 ex
873 4077 1015 4141 novitate
1039 4077 1095 4141 sed
1116 4100 1156 4142 ex
1177 4100 1249 4144 corr·

236 4180 404 4247 suetudine
424 4179 489 4243 vim
512 4178 638 4244 habent.
683 4180 757 4257 Quo
777 4192 883 4243 autem
905 4177 1054 4256 notiores,
1075 4201 1114 4243 eo
1139 4193 1249 4266 poten-

239 4282 341 4347 tiores.
387 4282 510 4371 Magna
524 4294 571 4346 est
584 4302 671 4347 mera
685 4283 848 4347 nominum
864 4279 976 4359 virtus,
992 4280 1017 4345 si
1032 4303 1106 4345 eum
1119 4281 1250 4347 historia

240 4382 348 4471 aliqua
367 4382 430 4448 sint
447 4384 622 4471 conjuncta
669 4384 775 4461 Quare
789 4380 913 4449 fabulas
927 4405 987 4447 usu
1003 4396 1154 4471 receptas,
1169 4406 1250 4469 pra·-
