3559 5575
948 57 1078 126 426
1666 55 1908 123 PARS
1955 56 2334 123 TERTIA
2453 58 2683 121 Pam„
2713 56 3070 123 XXXIII.

952 235 1149 306 Hinc
1199 234 1488 305 solenne
1538 231 1720 303 illud
1774 232 1866 302 de
1915 231 2147 324 prisca
2190 231 2564 301 hominum
2611 231 2754 302 fide
2799 255 2890 304 ac
2923 232 3073 303 vir·

949 361 1150 423 tute:
1205 350 1373 420 hinc
1405 347 1531 430 illi,
1568 371 1745 441 quos
1777 347 2172 439 praedicare
2205 348 2437 417 solent
2471 356 2728 438 poetae,

1125 461 1522 550 Magnanimi
1551 461 1773 525 heroes
1801 460 1932 524 nati
1961 458 2323 524 melioribus
2347 459 2550 523 annis·

949 577 1400 648 Permultum
1437 574 1687 666 utique
1711 575 1950 667 juvat,
1986 572 2172 644 sicut
2205 575 2514 644 antehac
2547 597 2737 666 saepe
2772 586 2886 646 est
2914 598 3073 647 mo-

946 692 1205 771 nitum,
1232 713 1275 759 a
1300 687 1772 781 praesentibus
1808 688 1901 757 ad
1933 687 2319 759 remotiora
2355 698 2666 759 mentem
2703 690 3067 784 ablegare,

949 808 1097 878 sive
1131 829 1217 877 ea
1251 805 1396 876 sint
1430 814 1750 896 tempore
1786 827 1908 874 seu
1944 805 2101 874 loco
2132 804 2414 899 longius
2459 806 2805 898 sejuncta.
2914 807 3069 876 Ne-

950 945 1090 1015 que
1123 921 1201 992 id
1232 923 1390 991 leve
1423 919 1714 989 omnino
1748 928 1877 989 aut
1911 918 2183 1010 puerile
2215 928 2328 989 est
2354 920 2785 1002 habendum,
2813 945 2986 991 cum
3023 945 3069 992 a

951 1039 1182 1109 brutis
1208 1035 1689 1108 animantibus
1711 1034 2073 1126 praecipue
2098 1036 2257 1105 haec
2283 1058 2410 1105 nos
2434 1036 2539 1106 vis
2566 1047 2874 1128 separet,
2896 1060 3068 1130 qua,

952 1152 1321 1248 praeterita
1354 1174 1560 1244 aeque
1593 1174 1678 1220 ac
1709 1149 1956 1220 futura
1989 1151 2369 1242 complexi,
2406 1152 2577 1222 vitae
2616 1152 2780 1222 ideo
2828 1154 3068 1245 spatia

953 1270 1283 1341 videmur
1331 1266 1675 1359 ampliora
1724 1264 1931 1351 inire,
1974 1275 2051 1337 et
2102 1266 2512 1337 mortalium
2564 1291 2802 1338 rerum
2857 1269 3067 1362 quasi

953 1396 998 1428 ‘⁶
1034 1384 1376 1457 terminos
1429 1382 1882 1475 propagare.’'
1983 1380 2321 1474 Namque
2379 1392 2464 1452 ut
2518 1393 2797 1453 taceam
2869 1407 3065 1455 nunc

953 1498 1294 1593 quicquid
1322 1495 1669 1590 ingeniosi
1704 1506 1832 1567 aut
1868 1497 2053 1566 male
2086 1496 2327 1567 feriati
2360 1498 2450 1568 de
2486 1497 2597 1567 his
2630 1499 2844 1568 rebus
2883 1499 3065 1569 effu-

953 1614 1090 1686 tire
1124 1614 1353 1683 solent
1388 1610 1734 1696 homines,
1757 1610 1911 1680 fieri
1947 1621 2142 1682 certe
2175 1633 2319 1682 non
2350 1611 2610 1704 potuit,
2638 1612 2810 1705 quin
2846 1614 3066 1708 longa

955 1729 1350 1799 seculorum
1404 1727 1583 1797 serie
1635 1725 2007 1798 evenerint
2054 1726 2384 1818 plurima,
2417 1736 2491 1799 et
2528 1728 2724 1799 dictu
2772 1738 2850 1799 et
2896 1752 3065 1798 con-

956 1854 1165 1941 ceptu
1196 1842 1543 1937 digniora,
1569 1865 1785 1935 quam
1814 1852 2089 1935 quanta
2124 1842 2356 1915 brevis
2390 1844 2604 1916 unius
2638 1845 2779 1915 aevi
2811 1868 3062 1916 cursus

957 1960 1030 2031 in
1068 1983 1142 2030 se
1177 1958 1561 2030 contineat.

1057 2076 1319 2159 Quare,
1354 2075 1448 2145 ad
1490 2075 1828 2167 pristinos
1875 2077 2164 2147 annales
2216 2076 2278 2148 si
2325 2076 2486 2171 quis
2536 2077 2776 2149 animo
2827 2102 3063 2150 rever-

957 2203 1177 2274 tatur,
1212 2191 1352 2262 aevi
1396 2191 1921 2284 quodammodo
1966 2192 2276 2263 melioris
2317 2193 2741 2264 commercio
2777 2194 3064 2265 videtur

956 2310 1123 2392 frui,
1158 2319 1233 2380 et
1267 2332 1378 2380 res
1422 2307 1743 2403 egregias
1783 2310 2085 2403 jamjam
2134 2309 2486 2401 perituras
2529 2311 2618 2380 ab
2652 2311 2956 2381 interitu
2989 2321 3065 2384 et

957 2425 1310 2496 oblivione
1362 2423 1747 2495 vindicare.
1852 2433 1896 2465 “
1919 2424 2282 2518 Equidem
2333 2425 2628 2496 Curiam
2679 2429 3064 2515 nostram,”

956 2539 1194 2633 inquit
1230 2540 1398 2609 Piso
1439 2540 1563 2609 ille
1615 2540 2148 2626 CiceronianuS,
2184 2541 2664 2632 “(Hostiliam
2699 2542 2884 2627 dico,
2916 2567 3064 2615 non

958 2664 1004 2697 ‘⁴
1040 2657 1223 2725 hanc
1255 2672 1540 2735 novam,
1577 2678 1740 2747 quae
1778 2655 1957 2726 mihi
1978 2657 2225 2728 ‘minor
2269 2680 2419 2727 esse
2454 2658 2740 2728 videtur
2785 2670 3068 2750 postea-

959 2781 1004 2813 “
1038 2793 1253 2866 quam
1305 2779 1416 2841 est
1450 2770 1730 2866 major,)
1767 2772 2080 2844 solebam
2114 2771 2426 2856 intuenS,
2461 2771 2893 2866 Scipionem,
2928 2775 3067 2847 Ca-

960 2897 1005 2929 “
1038 2897 1305 2971 tonem,
1329 2886 1661 2970 Laelium,
1689 2898 2015 2958 nostrum
2042 2911 2213 2959 vero
2235 2890 2311 2959 in
2337 2889 2585 2981 primis
2621 2914 2838 2961 avum
2873 2893 3067 2988 cogi-

959 3014 1004 3047 “
1038 3005 1256 3075 tare.'’
1291 2998 1473 3073 Fin.
1499 3001 1592 3073 V.
1624 3008 1691 3072 1.
1745 3002 1908 3074 Scio
1943 3005 2102 3073 haec
2132 3028 2219 3075 eo
2254 3004 2634 3096 pertinere,
2660 3016 2744 3076 ut
2769 3030 2938 3099 quae
2970 3008 3066 3081 sit

960 3120 1067 3190 vis
1092 3119 1599 3191 admonitionis
1622 3119 1696 3190 in
1723 3117 1897 3190 locis
1924 3119 2371 3211 potissimum
2401 3131 2825 3192 monstrent.
2879 3123 3069 3193 Nos-

959 3246 1146 3306 tram
1198 3247 1441 3307 tamen
1494 3236 1588 3306 ad
1637 3258 1789 3306 rem
1833 3259 1974 3305 non
2025 3235 2479 3307 mediocriter
2517 3236 2726 3306 simul
2761 3236 3064 3321 faciunt,

958 3373 1122 3420 cum
1158 3374 1254 3422 ex
1288 3351 1399 3422 his
1433 3361 1734 3434 constet,
1769 3351 2130 3433 Pisonem,
2165 3350 2444 3445 quoties
2477 3350 2551 3422 in
2596 3352 2796 3423 curia
2833 3377 3067 3425 vers&

959 3476 1179 3547 retur,
1204 3489 1347 3534 non
1386 3467 1596 3536 modo
1630 3467 1723 3537 ad
1757 3466 2210 3560 antiquitatis
2245 3464 2667 3538 memoriam
2702 3470 2919 3552 trahi,
2946 3494 3068 3541 ve-

958 3605 1122 3655 rum
1171 3591 1247 3651 et
1291 3581 1723 3676 cogitatione
1768 3584 1924 3676 ipsa
1971 3608 2400 3679 magnopere
2451 3608 2615 3656 eum
2661 3585 2932 3656 moveri
2980 3608 3070 3656 ac

960 3694 1318 3771 delectari
1370 3697 1679 3770 solitum.
1783 3701 1997 3781 Quod
2052 3722 2220 3771 vero
2277 3700 2543 3793 ubique
2612 3701 3067 3772 Ciceroniani

960 3839 1111 3909 prae
1162 3839 1236 3887 se
1287 3816 1528 3887 ferunt
1571 3814 1758 3899 libri,
1791 3815 1870 3885 id
1917 3839 2150 3908 ponc,
2197 3815 2724 3912 elegantissimo
2769 3829 3064 3889 auctore

963 3931 1200 4003 Plinio
1231 3955 1424 4014 usus,
1447 3930 1739 4004 omnino
1770 3955 1816 4003 a
1846 3941 2119 4004 natura-
2143 3930 2347 4002 nobis
2376 3929 2674 4003 insitum
2707 3933 3064 4005 affirmare
