<?xml version="1.0" encoding="UTF-8"?>
<!DOCTYPE html PUBLIC "-//W3C//DTD XHTML 1.0 Transitional//EN"
    "http://www.w3.org/TR/xhtml1/DTD/xhtml1-transitional.dtd">
<html xmlns="http://www.w3.org/1999/xhtml" xml:lang="en" lang="en">
 <head>
  <title>
</title>
<meta http-equiv="Content-Type" content="text/html;charset=utf-8" />
  <meta name='ocr-system' content='tesseract 3.04.00' />
  <meta name='ocr-capabilities' content='ocr_page ocr_carea ocr_par ocr_line ocrx_word'/>
</head>
<body>
  <div class='ocr_page' id='page_1' title='image "./praelectionesac00coplgoog_0021.png"; bbox 0 0 3559 5575; ppageno 0'>
   <div class='ocr_carea' id='block_1_1' title="bbox 1651 514 2623 582">
    <p class='ocr_par' dir='ltr' id='par_1_1' title="bbox 1651 514 2623 582">
     <span class='ocr_line' id='line_1_1' title="bbox 1651 514 2623 582; baseline -0.007 1"><span class='ocrx_word' id='word_1_1' title='bbox 1651 515 2231 582; x_wconf 77' lang='lat' dir='ltr'>PRAELECTIO</span> <span class='ocrx_word' id='word_1_2' title='bbox 2281 514 2623 579; x_wconf 86' lang='lat' dir='ltr'><strong>PRIMA.</strong></span> 
     </span>
    </p>
   </div>
   <div class='ocr_carea' id='block_1_2' title="bbox 1091 687 3243 4505">
    <p class='ocr_par' dir='ltr' id='par_1_2' title="bbox 1091 687 3243 1464">
     <span class='ocr_line' id='line_1_2' title="bbox 1091 687 3239 784; baseline -0.001 -20"><span class='ocrx_word' id='word_1_3' title='bbox 1091 696 1211 768; x_wconf 68' lang='lat' dir='ltr'><strong>sed</strong></span> <span class='ocrx_word' id='word_1_4' title='bbox 1246 705 1328 767; x_wconf 91' lang='lat' dir='ltr'><strong>ut</strong></span> <span class='ocrx_word' id='word_1_5' title='bbox 1362 716 1612 764; x_wconf 86' lang='lat' dir='ltr'><strong>verum</strong></span> <span class='ocrx_word' id='word_1_6' title='bbox 1646 693 1957 784; x_wconf 81' lang='lat' dir='ltr'><strong>aliquem</strong></span> <span class='ocrx_word' id='word_1_7' title='bbox 1998 690 2259 762; x_wconf 89' lang='lat' dir='ltr'><strong>laboris</strong></span> <span class='ocrx_word' id='word_1_8' title='bbox 2305 712 2390 760; x_wconf 90' lang='lat' dir='ltr'><strong>ac</strong></span> <span class='ocrx_word' id='word_1_9' title='bbox 2438 687 2838 783; x_wconf 79' lang='lat' dir='ltr'><strong>diligentiae</strong></span> <span class='ocrx_word' id='word_1_10' title='bbox 2883 689 3239 762; x_wconf 75' lang='lat' dir='ltr'><strong>fructum</strong></span> 
     </span>
     <span class='ocr_line' id='line_1_3' title="bbox 1091 804 3243 901; baseline -0.002 -21"><span class='ocrx_word' id='word_1_11' title='bbox 1091 816 1159 880; x_wconf 83' lang='lat' dir='ltr'><strong>in</strong></span> <span class='ocrx_word' id='word_1_12' title='bbox 1215 832 1592 884; x_wconf 88' lang='lat' dir='ltr'><strong>commune</strong></span> <span class='ocrx_word' id='word_1_13' title='bbox 1641 808 1970 889; x_wconf 88' lang='lat' dir='ltr'><strong>ederem;</strong></span> <span class='ocrx_word' id='word_1_14' title='bbox 2021 807 2170 901; x_wconf 93' lang='lat' dir='ltr'><strong>qui,</strong></span> <span class='ocrx_word' id='word_1_15' title='bbox 2206 806 2269 877; x_wconf 91' lang='lat' dir='ltr'><strong>si</strong></span> <span class='ocrx_word' id='word_1_16' title='bbox 2319 806 2557 875; x_wconf 91' lang='lat' dir='ltr'><strong>minus</strong></span> <span class='ocrx_word' id='word_1_17' title='bbox 2602 804 2964 898; x_wconf 85' lang='lat' dir='ltr'><strong>exquisito</strong></span> <span class='ocrx_word' id='word_1_18' title='bbox 3012 829 3098 874; x_wconf 91' lang='lat' dir='ltr'><strong>su</strong></span> <span class='ocrx_word' id='word_1_19' title='bbox 3110 829 3243 875; x_wconf 88' lang='lat' dir='ltr'><strong>rn-</strong></span> 
     </span>
     <span class='ocr_line' id='line_1_4' title="bbox 1091 921 3237 1021; baseline -0.003 -25"><span class='ocrx_word' id='word_1_20' title='bbox 1091 951 1369 1000; x_wconf 76' lang='lat' dir='ltr'><strong>nmrum</strong></span> <span class='ocrx_word' id='word_1_21' title='bbox 1408 925 1739 1021; x_wconf 87' lang='lat' dir='ltr'><strong>judicum</strong></span> <span class='ocrx_word' id='word_1_22' title='bbox 1784 925 2026 1018; x_wconf 88' lang='lat' dir='ltr'><strong>palato</strong></span> <span class='ocrx_word' id='word_1_23' title='bbox 2074 925 2356 1016; x_wconf 89' lang='lat' dir='ltr'><strong>placere</strong></span> <span class='ocrx_word' id='word_1_24' title='bbox 2414 930 2676 1014; x_wconf 88' lang='lat' dir='ltr'><strong>posset,</strong></span> <span class='ocrx_word' id='word_1_25' title='bbox 2730 930 2807 991; x_wconf 88' lang='lat' dir='ltr'><strong>at</strong></span> <span class='ocrx_word' id='word_1_26' title='bbox 2859 921 3237 1013; x_wconf 87' lang='lat' dir='ltr'><strong>pabulum</strong></span> 
     </span>
     <span class='ocr_line' id='line_1_5' title="bbox 1091 1037 3241 1138; baseline -0.004 -22"><span class='ocrx_word' id='word_1_27' title='bbox 1091 1064 1331 1116; x_wconf 72' lang='lat' dir='ltr'><strong>tamen</strong></span> <span class='ocrx_word' id='word_1_28' title='bbox 1383 1066 1527 1114; x_wconf 89' lang='lat' dir='ltr'><strong>non</strong></span> <span class='ocrx_word' id='word_1_29' title='bbox 1578 1041 2055 1138; x_wconf 88' lang='lat' dir='ltr'><strong>injucundum</strong></span> <span class='ocrx_word' id='word_1_30' title='bbox 2106 1063 2340 1132; x_wconf 87' lang='lat' dir='ltr'><strong>neque</strong></span> <span class='ocrx_word' id='word_1_31' title='bbox 2391 1038 2649 1110; x_wconf 88' lang='lat' dir='ltr'><strong>inutile</strong></span> <span class='ocrx_word' id='word_1_32' title='bbox 2693 1037 3053 1109; x_wconf 87' lang='lat' dir='ltr'><strong>sufficeret</strong></span> <span class='ocrx_word' id='word_1_33' title='bbox 3091 1038 3241 1130; x_wconf 89' lang='lat' dir='ltr'><strong>ju-</strong></span> 
     </span>
     <span class='ocr_line' id='line_1_6' title="bbox 1095 1154 3237 1246; baseline -0.002 -18"><span class='ocrx_word' id='word_1_34' title='bbox 1095 1160 1395 1244; x_wconf 66' lang='lat' dir='ltr'><strong>ventuti,</strong></span> <span class='ocrx_word' id='word_1_35' title='bbox 1463 1170 1537 1232; x_wconf 93' lang='lat' dir='ltr'><strong>et</strong></span> <span class='ocrx_word' id='word_1_36' title='bbox 1604 1183 1720 1230; x_wconf 89' lang='lat' dir='ltr'><strong>me</strong></span> <span class='ocrx_word' id='word_1_37' title='bbox 1789 1157 1990 1229; x_wconf 86' lang='lat' dir='ltr'><strong>vobis</strong></span> <span class='ocrx_word' id='word_1_38' title='bbox 2058 1155 2595 1228; x_wconf 83' lang='lat' dir='ltr'><strong>commendaret</strong></span> <span class='ocrx_word' id='word_1_39' title='bbox 2662 1163 3011 1246; x_wconf 86' lang='lat' dir='ltr'><strong>tanquam</strong></span> <span class='ocrx_word' id='word_1_40' title='bbox 3103 1154 3237 1225; x_wconf 90' lang='lat' dir='ltr'><strong>in-</strong></span> 
     </span>
     <span class='ocr_line' id='line_1_7' title="bbox 1091 1270 3233 1370; baseline -0.002 -26"><span class='ocrx_word' id='word_1_41' title='bbox 1091 1276 1467 1359; x_wconf 77' lang='lat' dir='ltr'><strong>dustrium,</strong></span> <span class='ocrx_word' id='word_1_42' title='bbox 1503 1273 1945 1370; x_wconf 87' lang='lat' dir='ltr'><strong>vigilantem,</strong></span> <span class='ocrx_word' id='word_1_43' title='bbox 1980 1272 2192 1345; x_wconf 89' lang='lat' dir='ltr'><strong>officii</strong></span> <span class='ocrx_word' id='word_1_44' title='bbox 2227 1270 2370 1341; x_wconf 91' lang='lat' dir='ltr'><strong>mei</strong></span> <span class='ocrx_word' id='word_1_45' title='bbox 2405 1292 2793 1341; x_wconf 85' lang='lat' dir='ltr'><strong>memorem</strong></span> <span class='ocrx_word' id='word_1_46' title='bbox 2834 1279 2910 1341; x_wconf 91' lang='lat' dir='ltr'><strong>et</strong></span> <span class='ocrx_word' id='word_1_47' title='bbox 2941 1270 3233 1340; x_wconf 86' lang='lat' dir='ltr'><strong>favoris</strong></span> 
     </span>
     <span class='ocr_line' id='line_1_8' title="bbox 1095 1391 1330 1464; baseline 0.009 -4"><span class='ocrx_word' id='word_1_48' title='bbox 1095 1391 1330 1464; x_wconf 60' lang='lat' dir='ltr'><strong>vestri.</strong></span> 
     </span>
    </p>

    <p class='ocr_par' dir='ltr' id='par_1_3' title="bbox 1091 1486 3224 4034">
     <span class='ocr_line' id='line_1_9' title="bbox 1191 1486 3224 1602; baseline -0.005 -22"><span class='ocrx_word' id='word_1_49' title='bbox 1191 1508 1453 1597; x_wconf 82' lang='lat' dir='ltr'><strong>Quare,</strong></span> <span class='ocrx_word' id='word_1_50' title='bbox 1478 1507 1550 1578; x_wconf 93' lang='lat' dir='ltr'><strong>in</strong></span> <span class='ocrx_word' id='word_1_51' title='bbox 1577 1510 1715 1579; x_wconf 91' lang='lat' dir='ltr'><strong>hoc</strong></span> <span class='ocrx_word' id='word_1_52' title='bbox 1747 1505 2039 1602; x_wconf 82' lang='lat' dir='ltr'><strong>negotio</strong></span> <span class='ocrx_word' id='word_1_53' title='bbox 2071 1502 2500 1575; x_wconf 84' lang='lat' dir='ltr'><strong>temeritatis</strong></span> <span class='ocrx_word' id='word_1_54' title='bbox 2534 1503 2818 1594; x_wconf 90' lang='lat' dir='ltr'><strong>culpam</strong></span> <span class='ocrx_word' id='word_1_55' title='bbox 2852 1523 2994 1570; x_wconf 92' lang='lat' dir='ltr'><strong>non</strong></span> <span class='ocrx_word' id='word_1_56' title='bbox 3024 1486 3224 1571; x_wconf 77' lang='lat' dir='ltr'><strong>adeo</strong></span> 
     </span>
     <span class='ocr_line' id='line_1_10' title="bbox 1095 1617 3218 1716; baseline -0.002 -24"><span class='ocrx_word' id='word_1_57' title='bbox 1095 1624 1355 1697; x_wconf 71' lang='lat' dir='ltr'><strong>invitus</strong></span> <span class='ocrx_word' id='word_1_58' title='bbox 1381 1624 1730 1696; x_wconf 87' lang='lat' dir='ltr'><strong>sustinere</strong></span> <span class='ocrx_word' id='word_1_59' title='bbox 1755 1622 2010 1716; x_wconf 85' lang='lat' dir='ltr'><strong>patiar.</strong></span> <span class='ocrx_word' id='word_1_60' title='bbox 2065 1619 2315 1690; x_wconf 86' lang='lat' dir='ltr'><strong>Patiar</strong></span> <span class='ocrx_word' id='word_1_61' title='bbox 2342 1617 2565 1710; x_wconf 87' lang='lat' dir='ltr'><strong>(quod</strong></span> <span class='ocrx_word' id='word_1_62' title='bbox 2598 1640 2726 1711; x_wconf 91' lang='lat' dir='ltr'><strong>per</strong></span> <span class='ocrx_word' id='word_1_63' title='bbox 2750 1640 2825 1688; x_wconf 91' lang='lat' dir='ltr'><strong>se</strong></span> <span class='ocrx_word' id='word_1_64' title='bbox 2849 1639 3069 1710; x_wconf 87' lang='lat' dir='ltr'><strong>grave</strong></span> <span class='ocrx_word' id='word_1_65' title='bbox 3097 1628 3218 1688; x_wconf 89' lang='lat' dir='ltr'><strong>est</strong></span> 
     </span>
     <span class='ocr_line' id='line_1_11' title="bbox 1091 1732 3215 1830; baseline -0.004 -18"><span class='ocrx_word' id='word_1_66' title='bbox 1091 1760 1163 1812; x_wconf 73' lang='lat' dir='ltr'><strong>ct.</strong></span> <span class='ocrx_word' id='word_1_67' title='bbox 1199 1744 1607 1830; x_wconf 87' lang='lat' dir='ltr'><strong>molestum)</strong></span> <span class='ocrx_word' id='word_1_68' title='bbox 1643 1739 1934 1810; x_wconf 87' lang='lat' dir='ltr'><strong>tardum</strong></span> <span class='ocrx_word' id='word_1_69' title='bbox 1968 1735 2214 1819; x_wconf 88' lang='lat' dir='ltr'><strong>etiam,</strong></span> <span class='ocrx_word' id='word_1_70' title='bbox 2241 1734 2303 1806; x_wconf 91' lang='lat' dir='ltr'><strong>si</strong></span> <span class='ocrx_word' id='word_1_71' title='bbox 2328 1733 2528 1805; x_wconf 87' lang='lat' dir='ltr'><strong>vobis</strong></span> <span class='ocrx_word' id='word_1_72' title='bbox 2562 1732 2669 1804; x_wconf 87' lang='lat' dir='ltr'><strong>ita</strong></span> <span class='ocrx_word' id='word_1_73' title='bbox 2692 1733 2925 1804; x_wconf 83' lang='lat' dir='ltr'><strong>visum</strong></span> <span class='ocrx_word' id='word_1_74' title='bbox 2960 1733 3215 1819; x_wconf 83' lang='lat' dir='ltr'><strong>fuerit,</strong></span> 
     </span>
     <span class='ocr_line' id='line_1_12' title="bbox 1092 1848 3215 1948; baseline -0.001 -29"><span class='ocrx_word' id='word_1_75' title='bbox 1092 1868 1307 1948; x_wconf 67' lang='lat' dir='ltr'><strong>atque</strong></span> <span class='ocrx_word' id='word_1_76' title='bbox 1343 1853 1669 1946; x_wconf 90' lang='lat' dir='ltr'><strong>ineptum</strong></span> <span class='ocrx_word' id='word_1_77' title='bbox 1702 1850 2122 1924; x_wconf 86' lang='lat' dir='ltr'><strong>existimari.</strong></span> <span class='ocrx_word' id='word_1_78' title='bbox 2226 1850 2336 1921; x_wconf 89' lang='lat' dir='ltr'><strong>At</strong></span> <span class='ocrx_word' id='word_1_79' title='bbox 2368 1873 2512 1943; x_wconf 91' lang='lat' dir='ltr'><strong>quo</strong></span> <span class='ocrx_word' id='word_1_80' title='bbox 2549 1849 2760 1919; x_wconf 89' lang='lat' dir='ltr'><strong>modo</strong></span> <span class='ocrx_word' id='word_1_81' title='bbox 2802 1870 2968 1919; x_wconf 89' lang='lat' dir='ltr'><strong>eum</strong></span> <span class='ocrx_word' id='word_1_82' title='bbox 3018 1848 3215 1918; x_wconf 85' lang='lat' dir='ltr'><strong>affici</strong></span> 
     </span>
     <span class='ocr_line' id='line_1_13' title="bbox 1091 1964 3212 2062; baseline -0 -26"><span class='ocrx_word' id='word_1_83' title='bbox 1091 1979 1437 2060; x_wconf 67' lang='lat' dir='ltr'><strong>oporteat,</strong></span> <span class='ocrx_word' id='word_1_84' title='bbox 1471 1991 1684 2062; x_wconf 91' lang='lat' dir='ltr'><strong>quem</strong></span> <span class='ocrx_word' id='word_1_85' title='bbox 1730 1992 1855 2040; x_wconf 87' lang='lat' dir='ltr'><strong>vos</strong></span> <span class='ocrx_word' id='word_1_86' title='bbox 1907 1966 2265 2062; x_wconf 83' lang='lat' dir='ltr'><strong>suffragiis</strong></span> <span class='ocrx_word' id='word_1_87' title='bbox 2317 1965 2600 2062; x_wconf 88' lang='lat' dir='ltr'><strong>dignati</strong></span> <span class='ocrx_word' id='word_1_88' title='bbox 2649 1964 2845 2050; x_wconf 81' lang='lat' dir='ltr'><strong>estiS,</strong></span> <span class='ocrx_word' id='word_1_89' title='bbox 2885 1964 3212 2047; x_wconf 89' lang='lat' dir='ltr'><strong>nescire;</strong></span> 
     </span>
     <span class='ocr_line' id='line_1_14' title="bbox 1092 2078 3215 2176; baseline 0 -27"><span class='ocrx_word' id='word_1_90' title='bbox 1092 2096 1219 2152; x_wconf 70' lang='lat' dir='ltr'><strong>aut</strong></span> <span class='ocrx_word' id='word_1_91' title='bbox 1242 2082 1418 2176; x_wconf 90' lang='lat' dir='ltr'><strong>quid</strong></span> <span class='ocrx_word' id='word_1_92' title='bbox 1444 2094 1760 2154; x_wconf 88' lang='lat' dir='ltr'><strong>vestrum</strong></span> <span class='ocrx_word' id='word_1_93' title='bbox 1796 2082 2015 2153; x_wconf 85' lang='lat' dir='ltr'><strong>fuerit</strong></span> <span class='ocrx_word' id='word_1_94' title='bbox 2039 2082 2130 2153; x_wconf 91' lang='lat' dir='ltr'><strong>de</strong></span> <span class='ocrx_word' id='word_1_95' title='bbox 2164 2105 2239 2153; x_wconf 90' lang='lat' dir='ltr'><strong>se</strong></span> <span class='ocrx_word' id='word_1_96' title='bbox 2262 2081 2621 2176; x_wconf 88' lang='lat' dir='ltr'><strong>judicium</strong></span> <span class='ocrx_word' id='word_1_97' title='bbox 2654 2102 2785 2171; x_wconf 87' lang='lat' dir='ltr'><strong>pro</strong></span> <span class='ocrx_word' id='word_1_98' title='bbox 2818 2078 3042 2149; x_wconf 90' lang='lat' dir='ltr'>nihilo</span> <span class='ocrx_word' id='word_1_99' title='bbox 3075 2081 3215 2150; x_wconf 86' lang='lat' dir='ltr'><strong>ha-</strong></span> 
     </span>
     <span class='ocr_line' id='line_1_15' title="bbox 1095 2195 3211 2290; baseline -0.001 -22"><span class='ocrx_word' id='word_1_100' title='bbox 1095 2204 1297 2281; x_wconf 70' lang='lat' dir='ltr'><strong>here3</strong></span> <span class='ocrx_word' id='word_1_101' title='bbox 1338 2201 1475 2272; x_wconf 91' lang='lat' dir='ltr'><strong>hoc</strong></span> <span class='ocrx_word' id='word_1_102' title='bbox 1509 2198 1694 2271; x_wconf 87' lang='lat' dir='ltr'><strong>fatui</strong></span> <span class='ocrx_word' id='word_1_103' title='bbox 1727 2198 2018 2271; x_wconf 88' lang='lat' dir='ltr'><strong>omnino</strong></span> <span class='ocrx_word' id='word_1_104' title='bbox 2054 2221 2139 2269; x_wconf 84' lang='lat' dir='ltr'><strong>ac</strong></span> <span class='ocrx_word' id='word_1_105' title='bbox 2171 2199 2382 2290; x_wconf 85' lang='lat' dir='ltr'><strong>plane</strong></span> <span class='ocrx_word' id='word_1_106' title='bbox 2417 2195 2722 2290; x_wconf 88' lang='lat' dir='ltr'><strong>improbi</strong></span> <span class='ocrx_word' id='word_1_107' title='bbox 2754 2219 2905 2267; x_wconf 88' lang='lat' dir='ltr'><strong>esse</strong></span> <span class='ocrx_word' id='word_1_108' title='bbox 2927 2195 3211 2290; x_wconf 88' lang='lat' dir='ltr'><strong>judico,</strong></span> 
     </span>
     <span class='ocr_line' id='line_1_16' title="bbox 1095 2311 3207 2410; baseline -0 -26"><span class='ocrx_word' id='word_1_109' title='bbox 1095 2339 1322 2409; x_wconf 76' lang='lat' dir='ltr'><strong>neque</strong></span> <span class='ocrx_word' id='word_1_110' title='bbox 1357 2315 1764 2410; x_wconf 88' lang='lat' dir='ltr'><strong>hujusmodi</strong></span> <span class='ocrx_word' id='word_1_111' title='bbox 1802 2314 2072 2385; x_wconf 89' lang='lat' dir='ltr'><strong>crimen</strong></span> <span class='ocrx_word' id='word_1_112' title='bbox 2107 2316 2253 2385; x_wconf 91' lang='lat' dir='ltr'><strong>ullo</strong></span> <span class='ocrx_word' id='word_1_113' title='bbox 2290 2315 2500 2385; x_wconf 89' lang='lat' dir='ltr'><strong>modo</strong></span> <span class='ocrx_word' id='word_1_114' title='bbox 2535 2314 2607 2383; x_wconf 90' lang='lat' dir='ltr'><strong>in</strong></span> <span class='ocrx_word' id='word_1_115' title='bbox 2647 2336 2763 2384; x_wconf 89' lang='lat' dir='ltr'><strong>me</strong></span> <span class='ocrx_word' id='word_1_116' title='bbox 2798 2311 3207 2405; x_wconf 82' lang='lat' dir='ltr'><strong>suscipiam.</strong></span> 
     </span>
     <span class='ocr_line' id='line_1_17' title="bbox 1095 2428 3208 2525; baseline 0 -25"><span class='ocrx_word' id='word_1_117' title='bbox 1095 2432 1348 2525; x_wconf 73' lang='lat' dir='ltr'><strong>Neque</strong></span> <span class='ocrx_word' id='word_1_118' title='bbox 1381 2442 1624 2505; x_wconf 85' lang='lat' dir='ltr'><strong>tamen</strong></span> <span class='ocrx_word' id='word_1_119' title='bbox 1660 2431 1738 2504; x_wconf 92' lang='lat' dir='ltr'><strong>id</strong></span> <span class='ocrx_word' id='word_1_120' title='bbox 1770 2454 2014 2502; x_wconf 89' lang='lat' dir='ltr'><strong>severe</strong></span> <span class='ocrx_word' id='word_1_121' title='bbox 2048 2429 2263 2500; x_wconf 91' lang='lat' dir='ltr'><strong>nimis</strong></span> <span class='ocrx_word' id='word_1_122' title='bbox 2290 2441 2400 2502; x_wconf 87' lang='lat' dir='ltr'><strong>est</strong></span> <span class='ocrx_word' id='word_1_123' title='bbox 2425 2428 2930 2524; x_wconf 87' lang='lat' dir='ltr'><strong>objiciendum,</strong></span> <span class='ocrx_word' id='word_1_124' title='bbox 2956 2429 3013 2499; x_wconf 90' lang='lat' dir='ltr'><strong>si</strong></span> <span class='ocrx_word' id='word_1_125' title='bbox 3040 2430 3208 2521; x_wconf 89' lang='lat' dir='ltr'><strong>plus</strong></span> 
     </span>
     <span class='ocr_line' id='line_1_18' title="bbox 1091 2544 3205 2642; baseline 0 -27"><span class='ocrx_word' id='word_1_126' title='bbox 1091 2552 1385 2624; x_wconf 61' lang='lat' dir='ltr'><strong>fortasse</strong></span> <span class='ocrx_word' id='word_1_127' title='bbox 1419 2549 1741 2623; x_wconf 87' lang='lat' dir='ltr'><strong>dederim</strong></span> <span class='ocrx_word' id='word_1_128' title='bbox 1789 2546 2172 2642; x_wconf 81' lang='lat' dir='ltr'><strong>cupiditati</strong></span> <span class='ocrx_word' id='word_1_129' title='bbox 2214 2546 2464 2641; x_wconf 85' lang='lat' dir='ltr'><strong>gloriae</strong></span> <span class='ocrx_word' id='word_1_130' title='bbox 2509 2567 2728 2638; x_wconf 88' lang='lat' dir='ltr'><strong>quam</strong></span> <span class='ocrx_word' id='word_1_131' title='bbox 2773 2544 3205 2636; x_wconf 83' lang='lat' dir='ltr'><strong>prudentiae.</strong></span> 
     </span>
     <span class='ocr_line' id='line_1_19' title="bbox 1095 2661 3199 2758; baseline -0 -25"><span class='ocrx_word' id='word_1_132' title='bbox 1095 2668 1422 2739; x_wconf 72' lang='lat' dir='ltr'><strong>Profecto</strong></span> <span class='ocrx_word' id='word_1_133' title='bbox 1474 2669 1706 2740; x_wconf 88' lang='lat' dir='ltr'><strong>multa</strong></span> <span class='ocrx_word' id='word_1_134' title='bbox 1755 2676 1927 2737; x_wconf 90' lang='lat' dir='ltr'><strong>sunt</strong></span> <span class='ocrx_word' id='word_1_135' title='bbox 1972 2686 2139 2758; x_wconf 85' lang='lat' dir='ltr'><strong>quae</strong></span> <span class='ocrx_word' id='word_1_136' title='bbox 2190 2661 2577 2745; x_wconf 90' lang='lat' dir='ltr'><strong>hominem,</strong></span> <span class='ocrx_word' id='word_1_137' title='bbox 2612 2661 3009 2752; x_wconf 84' lang='lat' dir='ltr'><strong>praesertim</strong></span> <span class='ocrx_word' id='word_1_138' title='bbox 3055 2684 3199 2732; x_wconf 92' lang='lat' dir='ltr'><strong>non</strong></span> 
     </span>
     <span class='ocr_line' id='line_1_20' title="bbox 1091 2775 3203 2874; baseline -0 -25"><span class='ocrx_word' id='word_1_139' title='bbox 1091 2793 1307 2853; x_wconf 64' lang='lat' dir='ltr'><strong>aetate</strong></span> <span class='ocrx_word' id='word_1_140' title='bbox 1353 2793 1797 2874; x_wconf 87' lang='lat' dir='ltr'><strong>provectum,</strong></span> <span class='ocrx_word' id='word_1_141' title='bbox 1831 2780 1907 2850; x_wconf 91' lang='lat' dir='ltr'><strong>in</strong></span> <span class='ocrx_word' id='word_1_142' title='bbox 1951 2779 2281 2872; x_wconf 86' lang='lat' dir='ltr'><strong>petendis</strong></span> <span class='ocrx_word' id='word_1_143' title='bbox 2326 2775 2711 2849; x_wconf 85' lang='lat' dir='ltr'><strong>honoribus</strong></span> <span class='ocrx_word' id='word_1_144' title='bbox 2756 2776 2818 2847; x_wconf 92' lang='lat' dir='ltr'><strong>si</strong></span> <span class='ocrx_word' id='word_1_145' title='bbox 2867 2776 3203 2849; x_wconf 85' lang='lat' dir='ltr'><strong>audacior</strong></span> 
     </span>
     <span class='ocr_line' id='line_1_21' title="bbox 1091 2893 3197 2987; baseline 0.001 -26"><span class='ocrx_word' id='word_1_146' title='bbox 1091 2896 1301 2985; x_wconf 73' lang='lat' dir='ltr'><strong>paulo</strong></span> <span class='ocrx_word' id='word_1_147' title='bbox 1335 2894 1577 2977; x_wconf 85' lang='lat' dir='ltr'><strong>fuerit,</strong></span> <span class='ocrx_word' id='word_1_148' title='bbox 1605 2917 1950 2966; x_wconf 87' lang='lat' dir='ltr'><strong>excusare</strong></span> <span class='ocrx_word' id='word_1_149' title='bbox 1975 2905 2293 2987; x_wconf 86' lang='lat' dir='ltr'><strong>possunt.</strong></span> <span class='ocrx_word' id='word_1_150' title='bbox 2345 2893 2769 2965; x_wconf 90' lang='lat' dir='ltr'><strong>Amicorum</strong></span> <span class='ocrx_word' id='word_1_151' title='bbox 2794 2916 3197 2978; x_wconf 79' lang='lat' dir='ltr'><strong>concurSuS,</strong></span> 
     </span>
     <span class='ocr_line' id='line_1_22' title="bbox 1095 3010 3195 3106; baseline 0.001 -29"><span class='ocrx_word' id='word_1_152' title='bbox 1095 3010 1350 3093; x_wconf 71' lang='lat' dir='ltr'><strong>studia,</strong></span> <span class='ocrx_word' id='word_1_153' title='bbox 1409 3010 1660 3093; x_wconf 90' lang='lat' dir='ltr'><strong>officia,</strong></span> <span class='ocrx_word' id='word_1_154' title='bbox 1713 3012 2299 3100; x_wconf 89' lang='lat' dir='ltr'><strong>concertationes,</strong></span> <span class='ocrx_word' id='word_1_155' title='bbox 2353 3012 2907 3106; x_wconf 86' lang='lat' dir='ltr'><strong>suffragatorum</strong></span> <span class='ocrx_word' id='word_1_156' title='bbox 2974 3010 3195 3096; x_wconf 89' lang='lat' dir='ltr'><strong>favor,</strong></span> 
     </span>
     <span class='ocr_line' id='line_1_23' title="bbox 1091 3125 3195 3222; baseline 0 -25"><span class='ocrx_word' id='word_1_157' title='bbox 1091 3125 1311 3197; x_wconf 71' lang='lat' dir='ltr'><strong>etiam</strong></span> <span class='ocrx_word' id='word_1_158' title='bbox 1345 3125 1739 3198; x_wconf 88' lang='lat' dir='ltr'><strong>alienorum</strong></span> <span class='ocrx_word' id='word_1_159' title='bbox 1767 3150 1927 3219; x_wconf 87' lang='lat' dir='ltr'><strong>spes</strong></span> <span class='ocrx_word' id='word_1_160' title='bbox 1952 3137 2027 3199; x_wconf 89' lang='lat' dir='ltr'><strong>et</strong></span> <span class='ocrx_word' id='word_1_161' title='bbox 2051 3129 2309 3222; x_wconf 86' lang='lat' dir='ltr'><strong>gratia,</strong></span> <span class='ocrx_word' id='word_1_162' title='bbox 2331 3138 2487 3198; x_wconf 89' lang='lat' dir='ltr'><strong>tum</strong></span> <span class='ocrx_word' id='word_1_163' title='bbox 2513 3127 2772 3199; x_wconf 90' lang='lat' dir='ltr'><strong>insitus</strong></span> <span class='ocrx_word' id='word_1_164' title='bbox 2796 3126 2917 3197; x_wconf 86' lang='lat' dir='ltr'><strong>ille</strong></span> <span class='ocrx_word' id='word_1_165' title='bbox 2942 3126 3195 3197; x_wconf 88' lang='lat' dir='ltr'><strong>animis</strong></span> 
     </span>
     <span class='ocr_line' id='line_1_24' title="bbox 1095 3240 3198 3335; baseline 0.002 -26"><span class='ocrx_word' id='word_1_166' title='bbox 1095 3265 1135 3309; x_wconf 77' lang='lat'><strong>11</strong></span> <span class='ocrx_word' id='word_1_167' title='bbox 1147 3240 1350 3313; x_wconf 65' lang='lat' dir='ltr'><strong>nstris</strong></span> <span class='ocrx_word' id='word_1_168' title='bbox 1401 3242 1632 3325; x_wconf 89' lang='lat' dir='ltr'><strong>ardor,</strong></span> <span class='ocrx_word' id='word_1_169' title='bbox 1666 3267 1811 3335; x_wconf 90' lang='lat' dir='ltr'><strong>quo</strong></span> <span class='ocrx_word' id='word_1_170' title='bbox 1863 3242 2219 3315; x_wconf 87' lang='lat' dir='ltr'><strong>trahimur</strong></span> <span class='ocrx_word' id='word_1_171' title='bbox 2268 3244 2364 3314; x_wconf 89' lang='lat' dir='ltr'><strong>ad</strong></span> <span class='ocrx_word' id='word_1_172' title='bbox 2413 3243 2844 3335; x_wconf 86' lang='lat' dir='ltr'><strong>captandam</strong></span> <span class='ocrx_word' id='word_1_173' title='bbox 2895 3241 3198 3313; x_wconf 82' lang='lat' dir='ltr'><strong>admira-</strong></span> 
     </span>
     <span class='ocr_line' id='line_1_25' title="bbox 1095 3357 3196 3453; baseline 0.001 -24"><span class='ocrx_word' id='word_1_174' title='bbox 1095 3361 1361 3430; x_wconf 74' lang='lat' dir='ltr'><strong>tionem</strong></span> <span class='ocrx_word' id='word_1_175' title='bbox 1395 3358 1795 3443; x_wconf 90' lang='lat' dir='ltr'><strong>hominum,</strong></span> <span class='ocrx_word' id='word_1_176' title='bbox 1821 3369 2039 3453; x_wconf 89' lang='lat' dir='ltr'><strong>atque</strong></span> <span class='ocrx_word' id='word_1_177' title='bbox 2064 3362 2158 3432; x_wconf 89' lang='lat' dir='ltr'><strong>ad</strong></span> <span class='ocrx_word' id='word_1_178' title='bbox 2192 3361 2492 3431; x_wconf 86' lang='lat' dir='ltr'><strong>honesta</strong></span> <span class='ocrx_word' id='word_1_179' title='bbox 2524 3359 2986 3452; x_wconf 86' lang='lat' dir='ltr'><strong>quantumvis</strong></span> <span class='ocrx_word' id='word_1_180' title='bbox 3020 3357 3196 3431; x_wconf 91' lang='lat' dir='ltr'><strong>diffi-</strong></span> 
     </span>
     <span class='ocr_line' id='line_1_26' title="bbox 1091 3476 3194 3574; baseline 0 -29"><span class='ocrx_word' id='word_1_181' title='bbox 1091 3477 1252 3548; x_wconf 76' lang='lat' dir='ltr'><strong>cilia</strong></span> <span class='ocrx_word' id='word_1_182' title='bbox 1288 3476 1886 3574; x_wconf 74' lang='lat' dir='ltr'><strong>urgemur—haec</strong></span> <span class='ocrx_word' id='word_1_183' title='bbox 1921 3476 2165 3548; x_wconf 88' lang='lat' dir='ltr'><strong>omnia</strong></span> <span class='ocrx_word' id='word_1_184' title='bbox 2203 3487 2435 3549; x_wconf 89' lang='lat' dir='ltr'><strong>totam</strong></span> <span class='ocrx_word' id='word_1_185' title='bbox 2482 3485 2801 3548; x_wconf 86' lang='lat' dir='ltr'><strong>mentem</strong></span> <span class='ocrx_word' id='word_1_186' title='bbox 2847 3485 3194 3566; x_wconf 90' lang='lat' dir='ltr'><strong>occupant</strong></span> 
     </span>
     <span class='ocr_line' id='line_1_27' title="bbox 1091 3591 3192 3686; baseline 0.001 -26"><span class='ocrx_word' id='word_1_187' title='bbox 1091 3597 1262 3665; x_wconf 84' lang='lat' dir='ltr'><strong>dum</strong></span> <span class='ocrx_word' id='word_1_188' title='bbox 1313 3594 1390 3664; x_wconf 93' lang='lat' dir='ltr'><strong>in</strong></span> <span class='ocrx_word' id='word_1_189' title='bbox 1441 3618 1652 3667; x_wconf 87' lang='lat' dir='ltr'><strong>cursu</strong></span> <span class='ocrx_word' id='word_1_190' title='bbox 1699 3617 2092 3677; x_wconf 87' lang='lat' dir='ltr'><strong>versamur,</strong></span> <span class='ocrx_word' id='word_1_191' title='bbox 2136 3603 2355 3686; x_wconf 86' lang='lat' dir='ltr'><strong>atque</strong></span> <span class='ocrx_word' id='word_1_192' title='bbox 2401 3616 2446 3663; x_wconf 88' lang='lat' dir='ltr'><strong>a</strong></span> <span class='ocrx_word' id='word_1_193' title='bbox 2496 3593 2693 3663; x_wconf 84' lang='lat' dir='ltr'><strong>nuda</strong></span> <span class='ocrx_word' id='word_1_194' title='bbox 2741 3591 2845 3662; x_wconf 91' lang='lat' dir='ltr'><strong>rei</strong></span> <span class='ocrx_word' id='word_1_195' title='bbox 2897 3591 3192 3663; x_wconf 80' lang='lat' dir='ltr'><strong>veritate</strong></span> 
     </span>
     <span class='ocr_line' id='line_1_28' title="bbox 1091 3708 3188 3801; baseline 0 -24"><span class='ocrx_word' id='word_1_196' title='bbox 1091 3719 1427 3781; x_wconf 60' lang='lat' dir='ltr'><strong>avertunt</strong></span> <span class='ocrx_word' id='word_1_197' title='bbox 1461 3710 1713 3781; x_wconf 90' lang='lat' dir='ltr'><strong>aciem.</strong></span> <span class='ocrx_word' id='word_1_198' title='bbox 1820 3711 2287 3801; x_wconf 88' lang='lat' dir='ltr'><strong>Scopulorum</strong></span> <span class='ocrx_word' id='word_1_199' title='bbox 2336 3718 2706 3801; x_wconf 79' lang='lat' dir='ltr'><strong>praerupta</strong></span> <span class='ocrx_word' id='word_1_200' title='bbox 2751 3708 3188 3780; x_wconf 86' lang='lat' dir='ltr'><strong>ascendimus</strong></span> 
     </span>
     <span class='ocr_line' id='line_1_29' title="bbox 1091 3823 3185 3919; baseline 0.003 -26"><span class='ocrx_word' id='word_1_201' title='bbox 1091 3824 1418 3897; x_wconf 70' lang='lat' dir='ltr'><strong>certatim</strong></span> <span class='ocrx_word' id='word_1_202' title='bbox 1444 3848 1461 3905; x_wconf 91' lang='lat'>;</span> <span class='ocrx_word' id='word_1_203' title='bbox 1496 3834 1573 3896; x_wconf 81' lang='lat' dir='ltr'><strong>at</strong></span> <span class='ocrx_word' id='word_1_204' title='bbox 1594 3846 1818 3916; x_wconf 90' lang='lat' dir='ltr'><strong>quum</strong></span> <span class='ocrx_word' id='word_1_205' title='bbox 1845 3827 2064 3897; x_wconf 90' lang='lat' dir='ltr'><strong>semel</strong></span> <span class='ocrx_word' id='word_1_206' title='bbox 2088 3825 2421 3896; x_wconf 86' lang='lat' dir='ltr'><strong>evaditur</strong></span> <span class='ocrx_word' id='word_1_207' title='bbox 2445 3826 2539 3896; x_wconf 86' lang='lat' dir='ltr'><strong>ad</strong></span> <span class='ocrx_word' id='word_1_208' title='bbox 2561 3823 2953 3919; x_wconf 85' lang='lat' dir='ltr'><strong>fastigium,</strong></span> <span class='ocrx_word' id='word_1_209' title='bbox 2978 3847 3185 3918; x_wconf 82' lang='lat' dir='ltr'><strong>quam</strong></span> 
     </span>
     <span class='ocr_line' id='line_1_30' title="bbox 1091 3940 2833 4034; baseline 0.001 -25"><span class='ocrx_word' id='word_1_210' title='bbox 1091 3940 1348 4029; x_wconf 69' lang='lat' dir='ltr'><strong>pavida</strong></span> <span class='ocrx_word' id='word_1_211' title='bbox 1379 3949 1489 4011; x_wconf 88' lang='lat' dir='ltr'><strong>est</strong></span> <span class='ocrx_word' id='word_1_212' title='bbox 1521 3950 1738 4033; x_wconf 86' lang='lat' dir='ltr'><strong>atque</strong></span> <span class='ocrx_word' id='word_1_213' title='bbox 1770 3941 2119 4013; x_wconf 82' lang='lat' dir='ltr'><strong>exterrita</strong></span> <span class='ocrx_word' id='word_1_214' title='bbox 2150 3941 2562 4034; x_wconf 85' lang='lat' dir='ltr'><strong>respicienti</strong></span> <span class='ocrx_word' id='word_1_215' title='bbox 2594 3940 2833 4011; x_wconf 84' lang='lat' dir='ltr'><strong>mens!</strong></span> 
     </span>
    </p>

    <p class='ocr_par' dir='ltr' id='par_1_4' title="bbox 1091 4055 3187 4505">
     <span class='ocr_line' id='line_1_31' title="bbox 1187 4055 3187 4151; baseline 0 -25"><span class='ocrx_word' id='word_1_216' title='bbox 1187 4055 1422 4149; x_wconf 83' lang='lat' dir='ltr'><strong>Atqui</strong></span> <span class='ocrx_word' id='word_1_217' title='bbox 1455 4080 1546 4129; x_wconf 89' lang='lat' dir='ltr'><strong>ne</strong></span> <span class='ocrx_word' id='word_1_218' title='bbox 1570 4080 1755 4129; x_wconf 83' lang='lat' dir='ltr'><strong>vano</strong></span> <span class='ocrx_word' id='word_1_219' title='bbox 1789 4080 2074 4150; x_wconf 88' lang='lat' dir='ltr'><strong>prorsus</strong></span> <span class='ocrx_word' id='word_1_220' title='bbox 2102 4069 2301 4130; x_wconf 87' lang='lat' dir='ltr'><strong>metu</strong></span> <span class='ocrx_word' id='word_1_221' title='bbox 2326 4066 2693 4151; x_wconf 84' lang='lat' dir='ltr'><strong>correptus</strong></span> <span class='ocrx_word' id='word_1_222' title='bbox 2714 4056 2981 4138; x_wconf 85' lang='lat' dir='ltr'><strong>videar,</strong></span> <span class='ocrx_word' id='word_1_223' title='bbox 3003 4057 3187 4149; x_wconf 87' lang='lat' dir='ltr'><strong>quod</strong></span> 
     </span>
     <span class='ocr_line' id='line_1_32' title="bbox 1095 4172 3184 4267; baseline 0 -26"><span class='ocrx_word' id='word_1_224' title='bbox 1095 4183 1460 4264; x_wconf 72' lang='lat' dir='ltr'><strong>tantopere</strong></span> <span class='ocrx_word' id='word_1_225' title='bbox 1492 4172 1570 4244; x_wconf 92' lang='lat' dir='ltr'><strong>in</strong></span> <span class='ocrx_word' id='word_1_226' title='bbox 1596 4173 1706 4244; x_wconf 88' lang='lat' dir='ltr'><strong>his</strong></span> <span class='ocrx_word' id='word_1_227' title='bbox 1732 4174 2091 4259; x_wconf 86' lang='lat' dir='ltr'><strong>immorer,</strong></span> <span class='ocrx_word' id='word_1_228' title='bbox 2113 4185 2242 4247; x_wconf 87' lang='lat' dir='ltr'><strong>aut</strong></span> <span class='ocrx_word' id='word_1_229' title='bbox 2269 4176 2455 4247; x_wconf 86' lang='lat' dir='ltr'><strong>male</strong></span> <span class='ocrx_word' id='word_1_230' title='bbox 2480 4174 2571 4246; x_wconf 91' lang='lat' dir='ltr'><strong>de</strong></span> <span class='ocrx_word' id='word_1_231' title='bbox 2597 4172 2796 4250; x_wconf 87' lang='lat' dir='ltr'><strong>vobis</strong></span> <span class='ocrx_word' id='word_1_232' title='bbox 2811 4173 3184 4267; x_wconf 87' lang='lat' dir='ltr'><strong>judicasse,</strong></span> 
     </span>
     <span class='ocr_line' id='line_1_33' title="bbox 1091 4286 3187 4386; baseline 0.001 -33"><span class='ocrx_word' id='word_1_233' title='bbox 1091 4286 1292 4381; x_wconf 56' lang='lat' dir='ltr'><strong>[guasi</strong></span> <span class='ocrx_word' id='word_1_234' title='bbox 1350 4287 1440 4360; x_wconf 91' lang='lat' dir='ltr'><strong>de</strong></span> <span class='ocrx_word' id='word_1_235' title='bbox 1498 4288 1949 4386; x_wconf 83' lang='lat' dir='ltr'><strong>indulgentia</strong></span> <span class='ocrx_word' id='word_1_236' title='bbox 1999 4301 2236 4363; x_wconf 84' lang='lat' dir='ltr'><strong>vestra</strong></span> <span class='ocrx_word' id='word_1_237' title='bbox 2293 4300 2513 4383; x_wconf 85' lang='lat' dir='ltr'><strong>atque</strong></span> <span class='ocrx_word' id='word_1_238' title='bbox 2565 4288 3018 4361; x_wconf 84' lang='lat' dir='ltr'><strong>humanitate</strong></span> <span class='ocrx_word' id='word_1_239' title='bbox 3073 4287 3187 4362; x_wconf 89' lang='lat' dir='ltr'><strong>de-</strong></span> 
     </span>
     <span class='ocr_line' id='line_1_34' title="bbox 1091 4403 3183 4505; baseline -0 -32"><span class='ocrx_word' id='word_1_240' title='bbox 1091 4428 1389 4493; x_wconf 68' lang='lat' dir='ltr'><strong>sperem,</strong></span> <span class='ocrx_word' id='word_1_241' title='bbox 1423 4428 1582 4505; x_wconf 57' lang='lat' dir='ltr'><strong>⁹non</strong></span> <span class='ocrx_word' id='word_1_242' title='bbox 1645 4429 1874 4500; x_wconf 85' lang='lat' dir='ltr'><strong>pauca</strong></span> <span class='ocrx_word' id='word_1_243' title='bbox 1930 4418 2125 4493; x_wconf 81' lang='lat' dir='ltr'><strong>sunt,</strong></span> <span class='ocrx_word' id='word_1_244' title='bbox 2170 4406 2614 4490; x_wconf 78' lang='lat' dir='ltr'><strong>Academici,</strong></span> <span class='ocrx_word' id='word_1_245' title='bbox 2667 4427 2831 4499; x_wconf 77' lang='lat' dir='ltr'><strong>quae</strong></span> <span class='ocrx_word' id='word_1_246' title='bbox 2880 4403 3183 4496; x_wconf 75' lang='lat' dir='ltr'><strong>cuipiam</strong></span> 
     </span>
    </p>
   </div>
  </div>
 </body>
</html>
