3559 5575
511 98 733 161 Pium.
766 97 1063 162 XXXI.
1220 98 1348 162 DE
1396 97 1991 163 PHANTASIA.
2492 102 2621 168 407

505 272 750 342 lucum
801 270 1014 342 modo
1064 271 1283 342 istum
1337 294 1559 364 prope
1604 271 2003 342 Massiliam
2049 273 2502 363 appellarem,
2538 271 2614 342 in

505 409 721 480 quem
766 387 1035 458 scilicet
1080 387 1320 458 omnia
1354 387 1642 457 videtur
1674 399 1751 458 et
1787 387 1943 456 visu
1992 398 2067 457 et
2100 386 2422 481 cogitatu
2472 411 2619 460 me-

507 503 799 585 tuenda,
842 502 1230 587 silentium,
1277 503 1680 597 caliginem,
1721 512 2056 572 cruentos
2106 503 2311 585 ritus,
2358 513 2617 575 trunca

504 617 743 688 Deum
794 619 1194 703 simulacra,
1228 619 1557 714 ignotum
1600 618 1916 688 numinis
1949 642 2177 713 genus
2211 642 2295 689 ac
2329 642 2615 702 nomen,

504 741 585 802 et
618 755 780 824 quoe
813 744 1165 824 praeterea
1198 733 1456 804 animis
1497 732 1986 824 superstitioso
2031 743 2230 803 metu
2273 733 2616 826 correptis

506 846 642 916 tali
691 846 765 916 in
819 871 898 918 re
948 871 1358 919 succurrere
1410 849 1660 930 solent,
1696 847 2095 919 admirabili
2145 858 2299 919 arte
2345 859 2420 921 et
2463 871 2618 919 car-

510 961 707 1031 mine
740 985 884 1032 non
918 963 1308 1058 ineleganti
1342 963 1745 1035 contulisse.

689 1082 911 1146 Lucus
938 1097 1071 1146 erat
1099 1081 1291 1169 longo
1317 1105 1643 1169 nunquam
1674 1082 1945 1147 violatus
1973 1083 2054 1147 ab
2082 1106 2243 1160 aevo,

688 1184 1050 1248 Obscurum
1078 1184 1338 1271 cingens
1364 1185 1661 1249 connexis
1687 1193 1836 1248 aera
1861 1183 2071 1263 ramis,

687 1287 779 1350 Et
806 1286 1047 1373 gelidas
1073 1287 1200 1352 alte
1223 1286 1552 1351 summotis
1581 1285 1818 1351 solibus
1848 1286 2120 1351 umbras.

689 1390 888 1452 Hunc
919 1411 1041 1453 non
1070 1388 1360 1454 ruricolae
1392 1391 1618 1466 Pane8‚
1651 1411 2105 1474 nemorumque
2135 1403 2420 1475 potentes

689 1489 948 1577 Sylvani
979 1491 1428 1578 Nymphaeque
1457 1505 1694 1568 tenent,
1718 1490 1828 1554 sed
1857 1490 2125 1555 barbara
2148 1490 2273 1554 ritu

691 1593 880 1656 Sacra
907 1592 1120 1671 deum,
1152 1606 1407 1657 structae
1436 1592 1623 1656 sacris
1651 1591 1952 1656 feralibus
1978 1615 2142 1666 arae3

690 1695 914 1759 Omnis
940 1708 1005 1758 et
1031 1695 1323 1760 humanis
1351 1695 1617 1759 lustrata
1643 1694 1974 1759 cruoribus
2001 1695 2206 1759 arbos.

692 1797 760 1862 Si
790 1821 919 1885 qua
945 1798 1133 1862 fidem
1165 1798 1398 1861 meruit
1429 1800 1706 1884 Superos
1734 1797 1960 1861 mirata
1978 1811 2277 1876 vetustas,

691 1897 830 1962 Illis
856 1914 920 1963 et
950 1899 1234 1963 volucres
1259 1912 1556 1962 metuunt
1581 1897 1864 1962 insistere
1893 1897 2101 1977 ramis,

691 2002 782 2066 Et
811 2000 1026 2064 lustris
1053 2000 1353 2065 recubare
1381 2001 1568 2064 ferae:
1618 2022 1730 2063 nec
1757 2013 1985 2063 ventus
2014 2000 2075 2062 in
2104 1999 2241 2063 illas
3402 1970 3433 2169 Ι

695 2103 1001 2167 Incubuit
1029 2103 1258 2188 sylvas,
1280 2124 1667 2188 excussaque
1695 2101 1974 2167 nubibus
2000 2101 2153 2164 atris

694 2206 1021 2293 Fulgura:
1069 2227 1194 2269 non
1226 2204 1372 2269 ullis
1400 2203 1687 2268 frondem
1719 2203 2149 2291 praebentibus
2178 2203 2379 2277 auris,

694 2308 1055 2372 Arboribus
1085 2331 1238 2371 suus
1266 2307 1491 2371 horror
1519 2306 1712 2373 inest:
1763 2321 1896 2371 tum
1929 2305 2203 2394 plurima
2230 2305 2425 2393 nigris

695 2409 1011 2475 Fontibus
1039 2409 1213 2474 unda
1239 2409 1429 2487 cadit,
1461 2407 2161 2495 simulacraquemaesta
2188 2409 2450 2474 deorum

692 2516 849 2578 Arte
876 2529 1112 2592 carent,
1142 2512 1443 2600 caesisque
1471 2528 1720 2579 exstant
1747 2513 2040 2578 informia
2067 2515 2323 2580 truncis.

690 2618 841 2704 Ipse
870 2616 1049 2694 situS,
1080 2615 1380 2703 putrique
1408 2615 1557 2680 facit
1576 2617 1710 2703 jam
1741 2617 1968 2682 robore
1995 2616 2196 2704 pallor

690 2719 1046 2783 Attonitos:
1093 2740 1217 2783 non
1248 2717 1522 2806 vulgatis
1550 2734 1790 2783 sacrata
1816 2720 2040 2807 figuris

692 2821 976 2886 Numina
1002 2822 1089 2887 sic
1117 2838 1442 2887 metuunt:
1492 2835 1739 2887 tantum
1770 2822 2113 2887 terroribus
2139 2822 2320 2887 addit

692 2925 869 3001 Quos
895 2924 1155 2990 timeant
1183 2948 1310 2989 non
1340 2947 1519 2989 nosse
1549 2926 1753 2989 Deos:
1790 2924 1926 3011 jam
1956 2924 2126 2987 fama
2153 2923 2394 2992 ferebat
3392 2919 3401 2976 ἶ
3440 2904 3441 2991 i

695 3028 877 3112 Saepe
903 3048 1088 3091 cavas
1116 3042 1293 3091 motu
1325 3042 1509 3092 terroe
1539 3025 1787 3113 mugire
1815 3047 2134 3102 cavernas,

693 3129 785 3193 Et
811 3130 1294 3215 procumbentes
1320 3130 1549 3195 iterum
1577 3151 1956 3215 consurgere
1987 3141 2186 3205 taxos,

692 3234 785 3296 Et
813 3254 941 3296 non
967 3232 1245 3298 ardentis
1274 3231 1518 3319 fulgere
1549 3230 1838 3295 incendia
1865 3228 2058 3306 silvae,

693 3335 1079 3421 Roboraque
1106 3333 1431 3423 amplexos
1459 3333 1695 3398 circum
1723 3332 1979 3399 fluxisse
2008 3330 2323 3396 dracones.

693 3437 838 3499 Non
869 3436 1047 3500 illum
1077 3435 1256 3500 cultu
1286 3435 1504 3524 populi
1538 3434 1831 3523 propiore
1851 3434 2275 3521 frequentant,

695 3535 821 3601 Sed
850 3561 1086 3602 cessere
1114 3538 1282 3603 deis:
1332 3537 1539 3602 medio
1562 3559 1707 3602 cum
1742 3537 2027 3603 Phoebus
2056 3536 2118 3601 in
2148 3562 2268 3603 axe
2297 3554 2412 3619 est,

692 3640 827 3704 Aut
855 3638 1085 3703 coelum
1116 3661 1242 3703 nox
1272 3652 1411 3703 atra
1439 3652 1629 3719 tenet,
1656 3656 1847 3727 pavet
1874 3639 2007 3726 ipse
2036 3641 2322 3705 sacerdos

693 3743 1019 3818 Accessus,
1046 3740 1500 3828 dominumque
1529 3741 1708 3806 timet
1737 3740 2124 3829 deprendere
2151 3742 2296 3807 luci.

1920 3844 2175 3908 Pasas.
2213 3843 2354 3907 111.
2385 3845 2535 3912 399.

619 3955 770 4026 Vix
803 3956 1039 4028 forsan
1075 3958 1234 4028 haec
1268 3957 1360 4028 ad
1393 3957 1870 4052 Virgilianam
1906 3958 2356 4050 majestatem
2392 3955 2465 4025 in
2511 3976 2627 4025 eo-

511 4074 685 4144 dem
720 4082 1146 4167 argumento
1180 4073 1573 4146 accedunt:
