3559 5575
463 195 508 262 86
843 193 966 260 PARS
989 191 1151 258 PRIMA
1334 194 1446 259 Pur..
1460 195 1535 258 VI.

461 423 465 430 -
512 371 573 442 Sic
596 370 752 441 militum
775 367 882 439 ardor
905 367 945 438 in
968 367 1122 440 navibus
1145 366 1387 464 pugnantium
1413 379 1535 464 goetu

461 487 539 579 ipso
556 484 711 578 corporis
728 484 819 555 belle
836 481 1073 574 exprimitur:

552 620 749 685 Incumbunt
764 617 867 707 proni,
877 620 1057 708 positiuproe
1069 620 1106 683 iu
1120 621 1271 707 margine
1281 622 1403 707 puppis

553 725 720 788 Butram
728 723 854 810 plantis
869 735 1018 788 ntrtnntes
1031 719 1152 809 spiculo
1165 735 1326 808 torquent.

1197 825 1269 889 Sin.
1285 825 1385 888 XIV.
1400 825 1475 894 876.

463 953 517 1025 Et
528 953 566 1026 in
582 953 773 1026 miserabili
790 955 993 1046 spectaculo
1011 953 1135 1025 militis
1151 964 1267 1026 rostro
1282 955 1384 1027 navis
1402 967 1527 1028 truns-

463 1070 528 1141 fixi
544 1071 600 1143 his
619 1072 734 1143 verbis
751 1070 934 1142 intentum
951 1073 1121 1142 lectorem
1136 1081 1249 1157 tenet,

725 1237 814 1254 -
829 1203 909 1266 Pars
923 1201 1072 1266 subnatat
1087 1199 1175 1266 unda

553 1305 788 1384 Membrorum,
804 1327 878 1393 pars
892 1318 995 1369 exstat
1007 1303 1118 1391 aquis3
1142 1313 1302 1392 totumque
1311 1327 1374 1391 per
1388 1325 1493 1392 oeqttor

553 1409 719 1474 Portatur.
1199 1409 1269 1472 Sin.
1285 1407 1382 1471 XIV.
1399 1410 1474 1471 482.

464 1559 559 1630 quae,
577 1536 614 1604 ni
640 1536 753 1619 fallor,
771 1535 932 1606 efficiunt
947 1545 990 1606 ut
1005 1535 1163 1607 lacerum
1180 1534 1333 1607 cadaver
1348 1536 1519 1608 continuo

465 1653 536 1722 huc
552 1651 638 1722 illuc
654 1673 912 1744 prosequamur
927 1651 1050 1722 oculis.

518 1767 602 1837 Huc
624 1767 734 1838 etiam
758 1766 920 1861 ejusdem
947 1767 1134 1838 reserenda
1156 1776 1211 1838 eut
1235 1765 1381 1862 egregia
1405 1767 1517 1859 Cycni

465 1882 624 1954 natantis
641 1882 843 1976 descriptio,
860 1907 932 1954 non
950 1906 1029 1954 eam
1048 1885 1094 1954 ob
1110 1907 1254 1955 causam
1275 1882 1372 1976 quod
1394 1883 1519 1978 imagi-

465 2022 548 2071 nem
574 1999 740 2092 proponit
763 2000 951 2091 pulchrum
979 2012 1089 2092 atque
1112 2000 1325 2094 elegantem,
1342 2009 1406 2069 aut
1422 1999 1518 2093 qnod

339 2181 345 2192 .
465 2141 541 2190 rem
559 2118 741 2216 ingeniose
759 2118 1068 2211 explicatserratn
1081 2119 1273 2214 diligenter
1284 2119 1355 2190 fide
1367 2129 1518 2204 naturae,

466 2235 528 2306 sed
554 2236 638 2329 quin
668 2247 766 2309 totus
790 2235 841 2306 rei
867 2234 1039 2330 χαρακτὴρ,
1062 2245 1104 2306 ut
1122 2245 1263 2318 vocant,
1280 2236 1341 2306 ubi
1366 2245 1458 2306 esset
1480 2246 1519 2307 ct

466 2375 621 2444 quonam
640 2353 839 2423 efficeretur
856 2353 962 2442 plane
979 2351 1081 2422 vidit.

553 2478 653 2544 Haud
669 2503 758 2544 secus
773 2477 908 2543 Eridani
923 2479 1041 2567 stagnis
1054 2481 1162 2568 ripnve
1178 2480 1303 2569 Caystri

554 2583 684 2646 Innatat
697 2581 789 2646 albus
802 2579 881 2658 olor,
897 2605 1060 2670 pronoque
1074 2585 1229 2648 immobile
1242 2607 1357 2671 corpus

551 2683 621 2746 Dat
622 2683 743 2769 fluvio,
760 2696 792 2747 et
808 2683 942 2770 pedibus
956 2684 1065 2750 tacitas
1079 2686 1231 2773 eremigat
1245 2686 1356 2752 undas

1200 2793 1268 2857 Su„
1285 2792 1385 2857 XIV.
1401 2793 1475 2861 189.

514 2920 662 2993 Distant
675 2922 830 2993 multum
843 2922 923 2993 haec
934 2934 973 2994 et
985 2922 1116 2994 similia
1128 2946 1151 2993 a
1163 2922 1459 3015 descriptionibus
1474 2921 1518 2991 iis

463 3037 593 3130 quibus
615 3038 800 3110 abundant
817 3037 933 3109 omnis
956 3039 1027 3109 oevi
1045 3039 1283 3110 Poetae-ubi
1304 3037 1440 3110 scilicet
1454 3060 1519 3108 ex·

463 3158 600 3248 emplar
616 3166 757 3228 noturae
774 3154 841 3227 sibi
858 3165 1063 3247 proponunt
1080 3153 1410 3227 imitandum—ubi
1427 3163 1519 3224 tem·
1555 3206 1559 3214 .
1685 3217 1686 3252 ,

462 3283 643 3363 pestutum
661 3296 703 3343 ac
719 3271 800 3342 coeli
814 3270 1061 3363 proprietates,
1076 3280 1196 3341 motus
1207 3270 1430 3353 animalium,
1443 3280 1519 3341 stu-

462 3384 533 3469 dia,
550 3383 837 3469 consuetudines,
854 3385 1043 3470 desideria,
1055 3386 1167 3466 dolos,
1179 3385 1328 3457 subtiles
1343 3385 1422 3457 illos
1438 3408 1519 3478 per-

462 3522 558 3590 saepe
583 3510 621 3569 et
645 3508 874 3589 conspectum
900 3500 998 3595 vulgi
1024 3502 1215 3596 fugientes,
1232 3501 1412 3596 exquisite
1436 3524 1518 3573 nar-

462 3626 556 3695 rant,
574 3624 611 3684 et
627 3613 730 3706 quasi
747 3614 869 3685 abdita
886 3638 934 3686 ex
951 3616 1096 3688 latebris
1112 3616 1150 3686 in
1168 3620 1285 3689 lucem
1302 3618 1472 3689 educunt.

514 3728 650 3822 Nequit
668 3738 788 3799 tamen
814 3728 852 3798 in
877 3732 1051 3803 alterutro
1074 3734 1203 3803 horum
1227 3758 1401 3829 generum
1427 3737 1518 3807 bene

462 3845 606 3929 versari,
626 3844 692 3915 nisi
710 3844 772 3939 qui
789 3845 835 3915 ad
858 3845 1024 3918 intimam
1047 3859 1188 3920 naturae
1212 3851 1454 3945 cognitionem
1478 3863 1518 3923 et

461 3959 604 4056 propria
620 3960 739 4032 indole
760 3971 797 4034 et
814 3961 987 4033 diuturno
1009 3986 1077 4034 usu
1101 3964 1149 4034 sit
1166 3980 1399 4058 praeparatus.
1450 3968 1518 4038 Su-

462 4078 592 4169 periori
605 4079 754 4173 adjuvat
767 4080 921 4150 multum
936 4078 1087 4169 pictura,
1101 4082 1203 4173 cujus
1215 4082 1268 4153 rei
1284 4082 1435 4155 scientia
1451 4081 1517 4152 mi-
