3559 5575
307 138 537 203 Pam..
570 137 829 204 XXII.
1016 136 1146 202 DE
1191 131 1827 204 AFFECTIBUS.
2297 136 2428 202 2⁸7

487 308 728 372 Οἲστέον
747 269 979 388 ἄμεινον
1005 315 1194 372 ταῦτα
1223 307 1322 371 καὶ
1349 307 1673 393 λογιστέον.

486 413 570 474 Τὸ
599 411 655 473 δί
686 409 992 491 κεφάλαιον
1018 417 1129 474 τῶν
1160 410 1367 496 λόγων·
1397 409 1668 497 ἅνθρωπος
1697 409 1766 488 οἳ,

481 511 573 576 Οὔ
602 515 931 594 μεταβολὴν
962 514 1162 577 θᾶττον
1190 513 1319 598 πρὸς
1350 511 1514 598 ὕψος,
1547 514 1643 576 καὶ
1673 512 1845 576 πάλιν

483 611 903 693 Ταπεινέτηπα,
935 618 1070 693 ζῶον
1100 613 1247 677 οὐδὲν
1276 614 1582 696 λαμβάνει·

486 715 606 778 Καὶ
633 713 805 796 μάλα
836 713 1084 789 δικαίως.
1112 713 1497 796 ἀσθενέστερον
1524 717 1641 800 γὰρ
1671 712 1728 777 ὃν

487 815 694 897 Φύσει,
725 814 1016 900 μεγίστοις
1049 819 1412 897 οἰκονομεῖται
1440 816 1795 901 πράγμασιν·

477 915 671 1007 ”Οτοιν
698 916 842 1004 πέσῃ
873 918 952 996 ὃὸ,
982 920 1231 1004 πλεῖστα
1261 917 1538 1002 συντρίβει
1570 919 1750 981 καλά.

1082 1020 1431 1083 Mamm».
1466 1021 1736 1084 FaAou.
1767 1043 1832 1108 p.
1864 1022 2015 1085 258.
2048 1019 2337 1085 szalc.

312 1125 619 1196 Dictum
654 1124 1022 1196 enimvero
1055 1134 1166 1195 est
1191 1125 1581 1196 sententias
1605 1128 1818 1197 hasce
1850 1148 1994 1196 non
2029 1125 2244 1195 nimis
2276 1149 2426 1217 prae

312 1241 643 1312 novitate
693 1240 1054 1312 auditores
1097 1249 1366 1324 tenere,
1413 1241 1776 1333 quoniam,
1821 1241 2036 1312 modo
2081 1240 2429 1313 attentius

312 1356 477 1450 quis
524 1355 866 1449 inquirat,
902 1376 1095 1447 saepe
1129 1355 1430 1425 eandem
1465 1379 1620 1427 rem
1655 1356 1790 1426 sibi
1834 1356 1910 1426 in
1960 1365 2276 1427 mentem
2312 1379 2431 1427 ve-

310 1471 506 1542 nisse
552 1470 918 1542 fatebitur.
1020 1469 1374 1541 Attamen
1410 1495 1496 1541 ea
1531 1481 1640 1541 est
1676 1495 1915 1543 rerum
1950 1473 2424 1542 humanarum

313 1587 524 1670 ratio,
546 1597 631 1657 ut
654 1609 817 1657 raro
842 1585 918 1655 in
945 1587 1074 1656 has
1100 1585 1569 1681 cogitationes
1605 1609 1681 1656 se
1714 1596 2088 1657 convertat
2121 1586 2425 1657 animus.

317 1701 489 1773 Alia
539 1700 743 1772 nobis
788 1701 979 1771 inter
1022 1700 1406 1795 agendum,
1439 1701 1579 1772 alia
1623 1700 1803 1771 nihil
1851 1702 2229 1797 agentibus
2274 1703 2429 1794 pla-

317 1828 507 1889 cent.
575 1816 815 1887 Aliter
846 1815 1151 1910 negotiis
1184 1815 1516 1908 impliciti
1550 1826 1625 1887 et
1651 1817 1891 1888 studio
1918 1817 2275 1902 ardentes,
2302 1817 2431 1888 ali-

317 1942 434 2004 ter
465 1931 613 2004 otio
654 1930 1060 2002 diffluentes
1104 1942 1179 2002 et
1213 1930 1402 2001 curis
1437 1931 1643 2002 vacui
1680 1932 2112 2025 judicamus.
2216 1933 2428 2014 Quod

317 2050 638 2142 profecto
670 2046 748 2117 ni
780 2045 883 2117 ita
918 2056 1129 2132 esset,
1150 2046 1280 2128 ,vix
1314 2046 1409 2116 ad
1434 2045 1604 2116 vitae
1641 2070 1941 2118 munera
1974 2048 2434 2140 exsequenda

322 2173 785 2255 suppeterent
825 2161 1050 2232 animi
1095 2172 1312 2254 atque
1349 2160 1554 2232 vireS.
1662 2160 1863 2232 Hinc
1913 2173 2158 2233 autem
2208 2162 2313 2245 fit,
2350 2172 2432 2234 ut

321 2280 600 2373 quoties
649 2279 893 2350 fabula
944 2279 1125 2349 bene
1171 2288 1447 2348 morata
1489 2288 1615 2348 aut
1651 2288 2023 2370 poetarum
2059 2279 2432 2350 sententiis

321 2415 740 2464 revocamur
772 2391 866 2462 ad
900 2389 1364 2485 haecquietae
1411 2391 1671 2462 mentis
1710 2393 2009 2486 judicia,
2043 2393 2222 2464 falsa
2255 2416 2455 2487 quo--

322 2508 706 2578 dammodo
730 2531 859 2600 pro
885 2507 1070 2577 veris
1098 2518 1401 2591 mutare,
1427 2517 1620 2578 certe
1655 2510 1746 2578 ab
1780 2510 2113 2602 opinione
2147 2510 2434 2581 sordida

318 2645 409 2694 ac
443 2624 718 2718 vulgari
752 2624 847 2695 ad
881 2623 1245 2694 meliorem
1278 2623 1560 2718 frugem
1596 2624 1859 2696 reversi
1895 2648 2046 2696 esse
2082 2624 2429 2697 videmur.

423 2738 905 2821 Quamobrem
941 2762 988 2809 a
1019 2736 1420 2833 Virgiliano
1454 2739 1578 2811 illo

581 2858 800 2936 Aude,
828 2857 1080 2945 hospes,
1109 2873 1505 2923 contemnere
1532 2882 1704 2946 opeS,
1742 2909 1749 2914 .

322 2969 717 3063 quemlibet
749 2969 862 3039 his
897 2970 1168 3040 artibus
1202 2970 1538 3041 idoneum
1576 2971 1793 3041 etiam
1831 2982 2048 3063 atque
2083 2971 2299 3042 etiam
2335 2974 2436 3044 le-

322 3095 617 3219 gentem
671 3083 1014 3154 delectari
1063 3107 1265 3174 posse
1311 3085 1584 3175 opinor,
1618 3094 1693 3154 et
1728 3109 1936 3155 sensu
1973 3086 2283 3177 quodam
2331 3086 2437 3156 di-

324 3195 493 3272 vino
548 3199 872 3292 impleri;
924 3222 1336 3314 quanquam
1372 3199 1464 3269 ab
1498 3198 1761 3269 usitata
1800 3191 2120 3270 oratione
2153 3200 2280 3269 vix
2331 3224 2439 3293 re-

324 3310 557 3399 cedat,
579 3326 655 3387 et
681 3307 1022 3407 praecepti
1052 3314 1407 3386 rationem
1438 3315 1702 3385 habeat
1728 3316 1819 3425 ab
1855 3339 1987 3386 usu
2021 3316 2437 3408 quotidiano

325 3455 581 3525 parum
616 3430 1086 3502 abhorrentis.

431 3541 627 3621 Hinc
676 3550 895 3621 etiam
946 3549 1211 3633 evenit,
1258 3537 1342 3621 ut
1387 3549 1666 3643 quoties
1715 3549 1792 3619 in
1840 3535 2213 3658 mediocris
2262 3552 2436 3623 vitae

322 3666 574 3737 laudes
598 3689 674 3737 se
699 3666 1070 3737 conferant
1096 3676 1352 3774 poetae,
1382 3664 1687 3760 benigne
1714 3689 1834 3736 eos
1860 3665 2193 3758 excipere
2218 3668 2438 3738 solea-

330 3804 513 3864 mus,
546 3790 622 3852 et
657 3781 1033 3853 dulcedine
1067 3767 1378 3873 quadam
1425 3781 1619 3873 capti
1665 3765 2145 3871 comprobare.
2250 3782 2438 3852 Sim-

329 3870 588 4025 plicem
642 3895 834 3966 enim
883 3906 958 3967 et
990 3895 1397 3966 inornatam
1435 3896 1809 3967 veritatem
1863 3895 2127 3966 intueri
2181 3896 2438 3987 placet,

331 4025 496 4101 quae
528 4008 604 4078 in
639 3997 945 4104 negotiis
980 4010 1562 4082 administrandis
1595 4010 1892 4102 cupidos
1926 4009 2139 4079 nimis
2171 4018 2246 4078 et
2279 4007 2441 4079 soli·-

3305 432 3322 571 ...ι-
3309 299 3314 372 ή-ᾈ
