3559 5575
498 169 544 242 96
859 167 983 234 PARS
1005 168 1168 234 PRIMA
1342 169 1458 238 Pur..
1476 173 1580 240 v11.

587 343 658 407 Icta
671 338 787 404 fatiscit
799 339 893 426 aquis
906 339 1007 406 donec
1020 339 1149 420 domus,
1161 339 1341 427 musaque
1354 340 1459 410 fluctu
1473 358 1552 410 ess:

588 442 650 509 Illa
663 441 773 508 doleas
786 465 895 508 vocem
909 443 1009 525 dedit,
1022 457 1056 507 et
1070 466 1104 507 se
1118 442 1248 508 sustulit
1259 442 1328 508 alis

1274 548 1365 610 Aac.
1382 548 1445 612 lv,
1458 550 1521 612 ⁴14

498 691 672 764 Similiter
687 691 725 761 in
742 714 839 762 nono
855 691 1061 764 Thebaidos
1077 691 1174 762 idem
1195 704 1451 787 argumentum
1477 718 1573 787 per.

499 809 661 904 sequitur
681 808 831 890 Statius,
848 807 998 902 adjectis
1021 807 1132 879 etiam
1153 807 1368 900 quibusdam
1391 833 1477 903 quae
1497 836 1571 882 vo-

499 925 607 997 lucris
623 926 730 1019 hujus
746 923 904 995 indolem
920 938 960 994 et
976 947 1093 994 mores
1115 923 1163 994 ad
1179 923 1304 994 virum
1329 926 1506 1011 referunt,
1524 939 1569 999 et

500 1042 659 1113 defixum
676 1041 714 1112 in
730 1041 774 1112 iis
791 1065 873 1134 quae
889 1050 1083 1111 nmmntur
1098 1039 1260 1111 animum
1277 1050 1413 1112 tenent.

450 1235 456 1250 ι
587 1193 807 1282 fluctivagam
823 1191 866 1257 sic
881 1215 965 1280 soepe
979 1191 1123 1273 domum,
1136 1191 1344 1280 madidosque
1358 1207 1489 1281 penates

589 1297 758 1387 Halcyone
771 1294 896 1360 deserta
908 1293 1019 1382 gemit,
1032 1317 1106 1360 carm
1120 1294 1256 1383 pignora
1270 1317 1373 1359 saevus

588 1403 720 1478 Auster,
735 1413 768 1464 et
781 1397 923 1485 algentes
934 1397 1041 1485 rapuit
1054 1397 1167 1462 Thetis
1180 1395 1289 1461 invida
1301 1396 1400 1462 nidos

585 1502 747 1588 Mergitur
760 1501 838 1565 orba
851 1500 979 1578 iterum,
993 1499 1184 1588 penitusque
1197 1499 1322 1565 occulta
1336 1501 1396 1566 sub
1411 1501 1509 1566 undis

588 1603 706 1667 Limite
720 1623 783 1666 non
800 1623 876 1682 uno,
892 1600 1052 1690 liquidum
1065 1625 1132 1690 qua
1146 1602 1256 1666 subter
1268 1602 1357 1667 eunti

588 1705 692 1769 Lucet
706 1703 776 1784 iter,
791 1703 895 1768 miseri
910 1705 1121 1792 nequicquam
1135 1705 1250 1770 funera
1263 1704 1329 1768 nati

588 1807 741 1896 vestigat,
757 1805 942 1896 plangitque
957 1823 1074 1873 tamen.
1218 1809 1335 1871 Tana.
1353 1809 1421 1872 IX.
1434 1807 1513 1874 ³60.

502 1962 669 2036 Profecto
691 1960 728 2034 in
752 1963 820 2034 hoc
845 1962 920 2032 fere
943 1985 1019 2054 prae
1041 1962 1182 2033 caeteris
1207 1962 1372 2033 omnibus
1398 1963 1556 2054 palmam

501 2080 572 2152 fert
589 2078 737 2163 Statius,
755 2077 851 2173 quod
868 2077 1075 2149 universum
1098 2088 1240 2149 naturae
1261 2101 1389 2170 corpus
1412 2079 1556 2169 penitus

501 2195 743 2290 perspexerit:
770 2194 867 2266 unde
883 2196 937 2280 fit,
954 2204 996 2264 ut
1013 2217 1096 2288 quae
1116 2219 1164 2265 ex
1187 2196 1255 2266 hoc
1278 2194 1378 2266 fonte
1401 2193 1449 2264 ad
1472 2217 1556 2286 poe-

501 2323 600 2385 mata
622 2312 782 2385 ornanda
805 2311 973 2394 deducet,
990 2335 1062 2383 non
1075 2311 1208 2383 'fucata
1225 2312 1297 2382 sint
1315 2310 1377 2380 illa
1393 2319 1431 2382 et
1448 2312 1553 2382 domo

501 2430 620 2510 allata,
638 2452 709 2497 non
727 2427 905 2518 lampada,
922 2437 964 2497 ut
981 2427 1094 2511 aiunt,
1111 2429 1243 2510 oleant,
1259 2428 1324 2498 sed
1338 2450 1387 2498 ex
1401 2451 1485 2498 vera
1499 2451 1554 2498 re-

501 2565 582 2614 rum
600 2541 729 2613 notitia
745 2541 892 2612 omnino
908 2541 1036 2615 fluant.
1088 2543 1186 2627 Quin
1210 2544 1257 2615 ad
1280 2543 1352 2614 ista
1373 2567 1457 2637 quae
1475 2546 1552 2639 jam

501 2657 741 2742 recitavimus,
758 2668 985 2749 apponantur
1004 2659 1115 2730 etiam
1139 2659 1260 2752 aliqua
1281 2659 1320 2730 in
1343 2660 1469 2730 eodem
1493 2683 1552 2755 ge·

501 2797 587 2845 nere
604 2773 785 2865 prtcclara.
820 2773 865 2844 In
882 2772 998 2866 primo
1010 2775 1242 2859 Achilleidos,
1260 2774 1455 2847 dulcissimi
1473 2800 1552 2868 poe-

503 2888 620 2972 matis,
637 2892 818 2961 columbas
834 2892 997 2983 perhibet
1015 2892 1240 2988 peregrinam
1259 2915 1362 2963 avem
1380 2892 1417 2963 in
1434 2892 1551 2988 gregis

501 3028 691 3078 numerum
707 3018 930 3100 coeptantes.

588 3119 732 3197 Qualiter
747 3120 858 3186 Idaliae
873 3118 1026 3199 volucres,
1042 3119 1098 3185 ubi
1113 3119 1219 3184 mollia
1231 3120 1386 3208 frangunt

588 3223 718 3303 Nubila,
730 3224 797 3311 jam
812 3222 945 3311 longum
959 3220 1101 3310 coeloque
1116 3222 1276 3309 domoque
1287 3239 1439 3311 gregata,

590 3323 624 3389 Si
634 3326 743 3413 junxit
757 3349 888 3413 pennas,
905 3324 1093 3413 diversoque
1107 3325 1231 3415 hospita
1246 3340 1349 3391 tractu

587 3426 683 3492 Venit
697 3428 774 3505 aris,
789 3443 913 3493 cunctae
927 3428 1065 3517 primum
1080 3427 1246 3509 mirantur,
1261 3444 1294 3493 et
1308 3429 1453 3494 horrent:

589 3528 672 3591 Mox
687 3530 817 3619 propius
831 3530 1026 3618 propiusque
1040 3531 1159 3611 volant,
1175 3546 1272 3619 atque
1285 3538 1357 3597 aire
1371 3530 1486 3619 inipso

590 3629 760 3695 Paullatim
774 3631 874 3697 fecere
890 3654 990 3711 suam,
1006 3632 1185 3721 plausuque
1199 3633 1338 3699 secundo

590 3731 797 3799 Circumeunt
809 3734 934 3814 hilares,
949 3750 982 3799 et
995 3736 1038 3801 ad
1051 3735 1115 3802 alta
1131 3736 1249 3803 cubilia
1262 3736 1395 3801 ducunt

1217 3842 1372 3904 Acarna.
1389 3839 1420 3903 1.
1434 3838 1508 3907 372.

502 3938 660 4041 Pecudes
676 3940 772 4013 idem
790 3942 827 4015 in
851 3941 931 4035 ripa
953 3941 1123 4027 fluminis,
1140 3946 1242 4038 cujus
1267 3946 1411 4017 alveum
1437 3943 1548 4015 adhuc

502 4067 642 4131 tentare
659 4069 838 4143 metuunt,
855 4058 1094 4151 pulcherrime
1111 4061 1307 4153 expressit:
