3559 5575
848 659 1566 745 PRAELECTIO
1621 657 2292 745 UNDECIMA.

515 940 625 1005 De
657 939 1019 1028 &ectum
1054 938 1448 1025 graviorum
1487 938 1845 1003 imitatione
1884 938 2301 1003 continuam
2339 937 2635 1025 queastio.

614 1043 779 1116 Quae
819 1048 974 1105 sunt
1013 1039 1142 1104 Iroe
1184 1041 1458 1103 maxime
1487 1041 1792 1126 propria,
1818 1040 2122 1126 exemplis
2149 1049 2484 1126 poetarum
2522 1039 2638 1102 ad-

612 1142 843 1221 ductis,
863 1151 1227 1230 ponunt-ur.
1313 1142 1540 1205 Iratus
1568 1141 1833 1205 ultionis
1859 1142 2150 1229 imagine
2187 1162 2255 1204 se
2291 1141 2637 1205 01>ch—

609 1245 884 1309 dolorem
899 1246 1127 1333 potius
1153 1245 1391 1307 sentire
1412 1242 1713 1306 vulteum
1734 1244 1841 1305 cui
1860 1244 2192 1321 irascitur,
2213 1264 2404 1329 quam
2414 1243 2639 1329 perire

605 1347 969 1433 —justitiae
993 1345 1266 1434 quodam
1293 1365 1487 1408 sensu
1513 1343 2188 1431 innititur—quarum
2216 1365 2434 1408 rerum
2470 1363 2638 1430 saepe

601 1449 823 1514 oblitos
849 1470 919 1513 se
944 1457 1249 1537 arguunt
1273 1446 1432 1510 mali
1460 1446 1822 1533 scriptores.
1878 1446 1964 1510 H
1959 1447 2065 1510 inc
2080 1446 2346 1511 liberius
2365 1447 2437 1510 in
2462 1468 2638 1534 quae-

599 1553 866 1616 ,itionem
895 1551 1281 1639 inquiritur,
1310 1557 1627 1638 quatenus
1664 1547 1877 1613 deceat
1903 1569 2255 1636 personam
2298 1549 2633 1614 interiores

598 1674 750 1721 suos
775 1675 1000 1720 seruus
1024 1656 1235 1742 ipsam
1264 1652 1476 1717 verbis
1501 1653 1744 1740 offerre.

1324 1883 1878 1936 *-

523 2069 1075 2169 SUPEREST
1100 2100 1257 2193 μω
1288 2099 1461 2171 huic
1485 2110 1752 2171 nostrae
1786 2094 2293 2191 disputationis
2325 2095 2516 2188 parti
2546 2106 2633 2168 ut

518 2238 755 2309 pauca
785 2213 1023 2286 adhuc
1043 2214 1428 2285 tradantur
1451 2214 1543 2286 de
1567 2214 1993 2287 Affectuum
2025 2210 2438 2308 graviorum
2471 2211 2633 2283 imi-

518 2330 840 2402 tatione:
892 2330 1099 2423 cujus
1130 2328 1234 2399 rei
1271 2338 1356 2400 ut
1387 2328 1569 2398 nihil
1601 2351 1688 2400 ea
1720 2327 2039 2421 apertius
2072 2335 2331 2398 natura
2364 2349 2497 2398 sua
2526 2326 2633 2398 vi-

515 2446 734 2517 detur
782 2468 935 2515 esse
984 2453 1114 2515 aut
1156 2443 1352 2536 poesi
1402 2443 2028 2528 accommodatius,
2060 2444 2273 2536 plena
2318 2453 2490 2515 sunt
2520 2442 2631 2515 id-

512 2561 706 2633 circo
737 2560 970 2633 omnis
1002 2559 1143 2631 aevi
1177 2569 1535 2653 poemata,
1567 2561 1762 2654 pleni
1798 2583 2044 2633 omnes
2079 2560 2171 2632 ab
2217 2560 2474 2633 ultima
2507 2585 2627 2634 ve-

511 2687 787 2752 tustate
820 2676 1232 2749 criticorum
1265 2676 1449 2749 libri.
1518 2677 1759 2760 Quare
1793 2677 1871 2747 in
1904 2687 2058 2749 tam
2093 2686 2442 2770 occupata
2476 2700 2629 2750 ma-

511 2794 718 2878 teria,
751 2794 843 2865 de
875 2791 1202 2866 novitate
1235 2817 1491 2887 parum
1535 2817 1652 2866 me
1695 2794 2057 2867 solicitum
2103 2795 2419 2866 habebo:
2474 2817 2628 2865 maf-

510 2910 762 3005 gisque
795 2910 977 2981 illud
1009 2933 1105 2981 ex
1137 2910 1380 2982 animo
1410 2909 1594 2981 mihi
1625 2909 2010 3006 contigisse
2043 2909 2329 2992 ducam,
2355 2909 2418 2983 si
2450 2910 2627 3004 quid

512 3027 756 3117 paullo
805 3024 1147 3095 remotius
1194 3048 1239 3095 a
1281 3026 1646 3097 communi
1690 3050 1822 3097 usu
1870 3034 2088 3117 atque
2126 3025 2484 3117 opinione,
2517 3023 2628 3096 in-

514 3137 784 3211 columi
832 3148 1076 3210 tamen
1112 3139 1442 3225 veritate,
1476 3139 1750 3225 dixero,
1785 3162 2005 3233 quam
2048 3141 2344 3210 verebor
2391 3162 2628 3232 repre-

512 3255 935 3327 hensionem
980 3254 1282 3349 alicujus
1326 3255 1524 3349 quod
1566 3254 1643 3324 in
1679 3255 2040 3326 veteribus
2080 3264 2155 3326 et
2186 3255 2624 3351 pervulgatis

512 3383 665 3444 tam
698 3370 825 3443 diu
860 3372 1199 3443 haeream.

613 3488 829 3571 Quod
861 3510 1031 3557 vero
1081 3486 1156 3557 in
1210 3484 1695 3579 compluribus
1745 3495 2121 3578 poetarum
2173 3488 2343 3561 locis
2392 3493 2620 3584 perle-

513 3602 765 3697 gendis
814 3601 1133 3674 dubitari
1185 3626 1389 3696 posse
1439 3602 1779 3685 diximuS,
1819 3625 2076 3697 nempe
2124 3615 2368 3677 utrum
2423 3631 2621 3685 mera

512 3718 915 3789 imitatione
963 3720 1362 3789 oblectetur
1412 3740 1636 3801 mene,
1671 3742 1763 3789 an
1806 3719 1979 3791 insit
2013 3722 2343 3814 quaedam
2392 3721 2468 3791 in
2509 3744 2622 3793 re-

517 3832 646 3902 bus
678 3830 850 3924 ipsis
880 3834 1114 3927 gratia
1148 3833 1353 3928 cnjus
1389 3832 1862 3905 admiratione
1886 3835 2265 3918 trahimur,
2292 3858 2384 3905 an
2421 3834 2622 3905 deni-

513 3970 656 4042 que
686 3947 765 4018 in
797 3948 1199 4021 animorum
1232 3959 1638 4021 nostrorum
1676 3960 1876 4021 motu
1904 3951 2233 4043 voluptas
2267 3949 2501 4041 posita
2525 3950 2620 4023 sit

513 4087 680 4137 oum
715 4064 1089 4137 affectibus
1122 4088 1169 4137 a
1207 4075 1421 4159 poeta
1465 4063 1837 4158 descriptis
1882 4063 2408 4158 quodammodo
2454 4088 2623 4136 con-

1503 4199 1555 4249 L
1592 4186 1638 4251 3
