3559 5575
513 551 805 618 PBAELECTIO
829 551 1064 618 SECUNDA}
1273 553 1318 621 28

262 731 504 800 strumentum
528 725 745 818 suppeditet,
770 728 868 798 salvo
892 725 1039 798 interim
1067 747 1189 799 rerum
1217 723 1317 801 statu

261 843 485 937 fortunisque
502 843 688 914 bominum
705 842 838 914 fflaesis.

315 960 384 1030 His
400 983 468 1054 ego
485 983 627 1052 prorsus
649 959 851 1043 assentirer,
867 957 940 1031 nisi
961 959 1164 1030 doctrinam
1187 981 1319 1054 ungus-

263 1076 390 1150 tior'em
408 1077 515 1169 paulo
528 1099 636 1170 quom
649 1099 714 1168 pro
726 1075 778 1146 rei
792 1085 924 1148 natura
936 1075 1148 1168 posuissent.
1174 1075 1319 1169 Quippe

263 1215 306 1264 ea
329 1193 410 1286 lege
434 1192 633 1264 constituta
655 1201 710 1262 est
730 1192 889 1263 humans
913 1214 1024 1274 mens,
1047 1202 1183 1262 utnon
1212 1193 1319 1262 modo

264 1307 443 1378 doloribus
468 1307 693 1401 fortunisque
719 1307 844 1379 alienis
871 1330 1090 1390 moveamur,
1115 1308 1179 1378 sed
1207 1309 1319 1379 etiam

264 1422 495 1513 conceptibus
520 1421 732 1515 quibusdam
761 1433 800 1494 et
824 1421 1023 1504 sententiis,
1048 1423 1249 1515 presertim
1276 1423 1320 1493 iis

264 1560 348 1631 qnae
373 1537 420 1608 ad
444 1537 559 1611 officie
582 1538 669 1608 nitae
693 1547 732 1609 et
756 1547 890 1608 sortem
920 1539 1115 1610 humanam
1144 1547 1320 1630 spectant,

263 1652 413 1730 mirifice
429 1653 673 1747 impellantur,
685 1662 723 1724 et
735 1653 859 1724 statim
877 1652 1010 1724 auditis
1026 1654 1127 1747 quasi
1144 1663 1321 1726 concentu

261 1771 419 1865 quandam
435 1771 643 1864 conspirent
657 1771 809 1842 affectus
825 1769 949 1841 nostri.
1001 1771 1122 1852 Quare
1138 1781 1182 1842 ut
1197 1794 1323 1843 conce-

263 1887 393 1960 damus
420 1887 626 1980 repentinas
651 1885 747 1958 vices
776 1895 814 1956 et
840 1884 1000 1957 miserias
1028 1897 1068 1958 et
1091 1887 1321 1959 vehementes

264 2012 455 2075 commotae
495 2003 626 2074 mentis
659 2002 815 2095 impetus
845 2025 1014 2097 magnam
1054 2002 1093 2073 in
1131 2002 1322 2074 affectibus

264 2119 531 2190 commovendis
547 2119 679 2192 habere
696 2119 783 2202 nm,
795 2129 918 2190 temen
935 2130 974 2191 et
990 2143 1082 2212 pura
1098 2120 1254 2213 quadem
1272 2122 1323 2195 le-

265 2233 375 2329 nique
403 2236 589 2328 voluptate
623 2236 893 2328 permulceatur
925 2258 1061 2319 sensus,
1087 2236 1228 2329 quoties
1258 2246 1323 2308 aut

265 2350 365 2444 pium
383 2351 528 2444 aliquod
551 2360 615 2423 aut
632 2373 843 2446 generosum
868 2350 1065 2435 intuemur,
1082 2363 1146 2424 aut
1163 2376 1243 2445 quse
1267 2349 1323 2422 his

266 2475 304 2536 et
318 2465 525 2560 hujusmodi
537 2465 732 2536 virtutibus
749 2463 821 2536 sint
834 2476 1075 2536 consentanea
1089 2465 1210 2536 animo
1227 2465 1324 2560 cogi-

267 2586 400 2650 tamus.
451 2578 766 2661 Quemadmodum
792 2579 956 2670 Euryalo
988 2580 1221 2674 grandaevam
1249 2601 1325 2651 mu-

268 2701 362 2765 trem
380 2693 460 2766 Iiilo
476 2693 515 2764 in
533 2694 686 2766 tutelam
704 2695 992 2779 commendante,

484 2832 636 2898 Perculsa
649 2844 755 2897 mente
768 2832 927 2898 dederunt

353 2934 549 3001 Dardanidae
562 2935 727 3025 lacrymas,
739 2950 812 3001 aute
826 2956 936 3001 omnes
949 2936 1083 3024 pulcher
1099 2936 1203 3017 lulus,

352 3042 464 3127 Atque
477 3038 619 3105 animum
633 3039 745 3127 patrie
759 3039 885 3107 strinxit
900 3040 1025 3129 pietatis
1037 3041 1155 3127 imago.

484 3164 490 3178 ·
1062 3142 1146 3221 AEn,
1161 3144 1230 3209 IX.
1246 3146 1323 3214 292.

305 3270 472 3341 Tertium
482 3280 603 3342 autem
618 3269 865 3341 delectationis
878 3271 1017 3342 fontem
1029 3270 1324 3342 constituendum

268 3410 344 3459 esse
361 3395 450 3478 puto
466 3409 547 3457 eam
564 3385 639 3457 sive
656 3386 884 3457 affectionem
901 3386 1060 3479 aliquam
1077 3386 1152 3458 sine
1174 3387 1325 3459 fuculta-

269 3513 343 3575 tem
362 3502 594 3594 appellemus,
606 3522 678 3594 qua
691 3522 812 3571 rerum
828 3500 1004 3594 imagines
1016 3511 1054 3571 et
1066 3500 1169 3592 quusi
1180 3500 1326 3573 simula-

268 3642 330 3691 cro
342 3616 464 3690 animo
475 3616 588 3687 infixo
600 3615 817 3697 retinentum
835 3638 919 3709 quse
931 3614 1141 3687 sublimibus
1154 3616 1324 3712 agitatur,

270 3739 448 3808 mulcetur
462 3734 632 3817 venustis,
645 3756 688 3805 eo
705 3732 784 3825 ipso
800 3734 897 3827 quod
914 3733 1081 3806 sublimia
1097 3745 1162 3806 aut
1174 3747 1325 3809 venusta

269 3852 449 3935 uidentur,
462 3852 562 3925 nulls
576 3850 715 3923 interes
727 3848 815 3921 vite
831 3860 870 3921 et
883 3872 1022 3922 morum
1037 3850 1176 3923 ratione
1189 3852 1323 3925 babitu.

271 3968 407 4041 Totum
435 3969 502 4038 boc
531 3968 576 4039 ab
603 3990 670 4037 usu
697 3975 858 4037 veterum
887 3966 1003 4037 alieno
1030 3967 1150 4038 forsan
1179 3968 1325 4041 nomine

271 4082 505 4155 Phantasiam
538 4082 766 4175 appellarem,
796 4104 948 4174 quorum
977 4092 1019 4152 ut
1045 4104 1170 4155 verum
1198 4082 1325 4166 fatear,

270 4200 388 4271 minus
399 4208 568 4271 accurata
579 4197 617 4268 in
631 4198 698 4269 hoc
710 4219 841 4293 genere
851 4195 995 4269 videtur
1005 4196 1114 4270 fuisse
1127 4196 1323 4292 disciplina.

270 4315 399 4409 Neque
416 4314 513 4387 euim
528 4336 585 4387 me
599 4312 695 4409 fugit
707 4312 942 4385 Phantasiem
957 4312 1067 4398 illum,
1080 4314 1126 4387 de
1142 4336 1215 4407 qua
1228 4314 1327 4384 Rhe·

269 4441 365 4507 tores
385 4434 592 4527 loquuntur,
610 4428 757 4501 minime
780 4429 901 4501 omnia
924 4430 1113 4527 complecti
1135 4452 1218 4523 quae
1241 4428 1326 4501 huic

767 4564 790 4615 c
810 4550 833 4614 4
