3559 5575
464 600 509 670 so
827 597 955 688 'rans
977 595 1141 663 eruam
1333 596 1446 663 rua.
1462 596 1526 664 ιν.

514 774 730 848 Serissimae
755 770 850 846 illius
867 769 1093 864 tempestatis
1115 771 1243 846 horror
1261 768 1302 844 iu
1324 769 1444 862 primo
1458 768 1526 842 Ε,-

464 890 600 973 neidos,
627 890 757 985 quibus
785 887 936 983 adjectis
963 889 1071 971 rebus
1096 885 1224 982 augeri
1251 886 1400 980 potuit?
1426 885 1525 960 Eam

466 1015 587 1076 autem
605 1004 754 1076 dimidio
770 1003 933 1075 breviore
949 1003 1088 1075 ambitu
1105 1000 1300 1085 concludit,
1313 1023 1423 1096 quam
1439 1025 1525 1073 suas

466 1121 618 1192 Ovidius
635 1130 673 1192 et
689 1120 870 1192 Lucanus.
922 1120 1062 1191 Rursus
1083 1118 1122 1190 in
1139 1127 1338 1190 castrorum
1356 1140 1379 1189 a
1395 1117 1524 1189 Turno

466 1236 743 1334 oppugnatione,
774 1259 850 1309 rem
878 1236 1048 1316 distincte
1075 1245 1113 1308 et
1142 1233 1245 1329 quasi
1278 1234 1524 1327 particulatim

466 1354 626 1448 exponit,
644 1354 707 1428 sed
731 1353 784 1428 ita
801 1364 923 1426 tamen
948 1363 1188 1446 utnusquam
1212 1351 1260 1424 sit
1276 1350 1422 1436 nimius,
1438 1374 1525 1420 nus-

466 1495 575 1566 quam
600 1470 761 1543 veritatis
787 1480 851 1542 aut
876 1478 1017 1541 nature
1042 1467 1250 1565 egrediatur
1274 1468 1375 1538 fines.
1427 1467 1522 1538 Cum

465 1589 641 1684 prioribus
658 1588 728 1661 illis
745 1588 783 1660 in
801 1611 841 1660 re
857 1611 929 1658 non
944 1585 1275 1658 absimili-conferat
1292 1584 1422 1678 aliquis
1438 1608 1522 1678 quae

467 1716 676 1801 sequuntur,

727 1869 816 1930 Dum
832 1889 864 1930 se
878 1864 1065 1952 glomerant,
1081 1877 1229 1951 retroque
1244 1863 1388 1928 residunt

555 1970 596 2034 In
610 1982 744 2055 partem,
759 1990 833 2054 quae
846 1981 935 2055 peste
947 1980 1052 2043 oaret;
1078 1982 1146 2033 tum
1160 1966 1301 2054 pondere
1316 1965 1411 2032 turris

554 2069 729 2135 Procubuit
743 2068 859 2149 subito,
874 2083 907 2134 et
921 2067 1036 2135 ooelum
1049 2084 1138 2137 tonat
1152 2092 1245 2135 omne
1259 2070 1395 2160 fragore

509 2193 518 2204 '
554 2171 729 2238 Semineces
743 2170 784 2236 ad
799 2187 926 2251 terram,
941 2171 1071 2238 immani
1084 2172 1167 2239 mole
1181 2188 1299 2253 secuta,

556 2276 743 2362 Corficique
757 2277 826 2342 anis
840 2275 922 2356 telis,
937 2286 968 2342 et
975 2286 1108 2366 pectora
1121 2277 1204 2341 duro

557 2379 747 2468 Trorasfissi
761 2378 864 2468 ligno,
880 2377 1023 2443 veniunt.
1218 2379 1299 2444 ΕΝ.
1317 2377 1386 2444 ΙΧ.
1402 2379 1475 2448 539.

468 2537 656 2610 Infinitum
684 2548 889 2610 vernasset
919 2537 957 2608 in
991 2538 1047 2608 bis
1075 2538 1219 2610 versari.
1264 2538 1361 2610 Toto
1385 2536 1519 2611 etenim

466 2666 630 2750 poemate
658 2657 776 2726 elucet
802 2654 864 2725 illa
894 2653 1020 2738 virtus,
1046 2663 1090 2726 ut
1113 2677 1338 2750 quaecunque
1366 2665 1521 2752 agantur

467 2770 572 2863 (nihil
595 2781 717 2843 autem
735 2771 808 2841 fere
824 2779 878 2843 est
896 2769 933 2840 in
950 2769 1027 2842 vita
1043 2770 1231 2842 hominum
1257 2769 1376 2842 autin
1399 2794 1520 2842 rerum

466 2899 596 2959 natura
621 2884 717 2979 quod
738 2884 811 2955 illic
839 2908 912 2955 non
940 2886 1074 2984 agitur)
1100 2910 1250 2983 pugnas,
1269 2882 1390 2972 ludos,
1413 2910 1522 2959 vena·

465 3004 592 3085 tiones,
620 3000 793 3084 convivia,
820 3000 1046 3095 navigiorum
1075 3026 1211 3086 cursus,
1235 3003 1448 3110 incendium
1475 3028 1519 3075 ac

469 3116 705 3210 direptionem
722 3116 831 3207 urbis,
847 3118 940 3191 adeo
955 3120 1144 3200 manifeste
1166 3131 1204 3191 et
1220 3123 1322 3192 velut
1337 3121 1521 3193 adstantes

468 3234 656 3317 cernimus,
683 3243 725 3306 ut
750 3232 841 3307 nibil
865 3234 993 3307 melius
1021 3237 1162 3332 adJecto
1186 3236 1307 3331 aliquo
1328 3237 1420 3309 nibil
1448 3260 1523 3309 aon

468 3352 637 3446 adempto
653 3348 754 3424 teret
771 3350 939 3424 deterius

518 3470 647 3564 Neque
663 3468 701 3540 id
718 3490 858 3561 semper
874 3467 1075 3541 subtilitate
1090 3468 1211 3561 aliqua
1226 3477 1292 3540 aut
1308 3467 1461 3541 delicata
1478 3492 1522 3539 ac

467 3611 637 3681 suspensa
653 3609 763 3659 manu
788 3585 1007 3679 adsequitur.
1058 3584 1156 3667 Quin
1179 3608 1276 3655 caeco
1292 3585 1395 3679 quasi
1414 3587 1518 3680 jactu

469 3728 607 3787 manus,
624 3704 733 3774 ducta
758 3726 830 3774 une
855 3713 893 3773 et
913 3704 1028 3774 altera
1048 3700 1155 3788 linea,
1172 3700 1282 3775 efficit
1306 3726 1402 3796 saepe
1424 3702 1522 3797 quod

469 3819 530 3891 alii
547 3842 687 3890 summa
703 3827 888 3911 nequeunt
904 3820 1049 3912 explere
1066 3817 1265 3915 diligentia.

520 3930 580 4005 Sic
596 3932 633 4003 iu
652 3931 779 4025 Clypei
796 3931 1046 4025 descriptione,

556 4096 639 4159 Haec
652 4094 734 4160 inter
749 4093 862 4159 tumidi
876 4094 939 4160 late
954 4096 1048 4160 maris
1063 4097 1130 4161 ibat
1142 4098 1248 4185 imago

557 4200 675 4262 Aurea.
1187 4200 1267 4265 ΖΕΝ.
1287 4200 1385 4271 VIII.
1402 4196 1477 4267 671.

469 4374 523 4450 Et
537 4372 577 4455 in
592 4373 855 4461 luctuosissima
869 4374 932 4455 illa
949 4375 1071 4472 Trojaa
1084 4376 1315 4470 expilatione,
1330 4386 1524 4470 postquem·

471 4493 523 4562 vis
542 4491 769 4584 Neoptolemi
785 4492 948 4585 perrupit
964 4494 1101 4577 robora,
