3559 5575
372 67 598 130 Pam..
622 65 998 130 XXXIII.
1048 66 1291 130 PARS
1325 67 1705 130 TERTIA
1738 66 1866 130 DE
1901 66 2260 131 PHANT.
2352 67 2478 131 425

469 238 705 332 Atqui
755 248 840 308 ut
890 237 1105 310 missa
1147 241 1306 332 jam
1360 238 1620 311 faciam
1673 238 2017 310 miracula
2056 238 2233 332 ipsa,
2266 248 2343 311 et
2375 240 2480 311 fa-

368 355 559 425 bulae
605 378 770 448 quae
808 365 1143 425 narratur
1176 354 1607 449 elegantiam
1643 365 1772 426 aut
1806 353 2261 437 suavitatem,
2297 355 2482 424 mul-

367 485 529 542 tum
563 472 782 542 etiam
817 494 912 540 ex
947 476 1309 541 vetustate
1340 470 1498 562 ipsa
1530 468 1858 552 efficitur,
1894 470 2084 562 quod
2134 470 2210 539 in
2257 470 2482 540 subsi-

369 586 569 658 dium
604 586 801 669 artiS,
836 585 986 657 sive
1018 585 1094 656 in
1129 586 1419 656 laudem
1452 584 1713 677 potiuS,
1748 583 2030 656 transit.
2109 584 2367 677 Neque
2400 584 2477 656 in

369 702 667 773 dubium
702 702 945 774 venire
989 711 1249 794 potest,
1292 702 1464 794 quin
1519 701 1622 773 ita
1674 701 1830 772 nati
1879 701 2123 784 simne,
2158 711 2240 772 ut
2277 723 2478 774 mens

369 820 460 889 ad
492 829 735 889 vetera
760 842 843 889 ac
870 818 1238 910 praeterita
1264 819 1324 888 si
1360 817 1596 888 minus
1631 817 1982 889 desiderio
2017 828 2228 909 capta
2261 841 2335 888 se
2367 840 2479 888 re-

346 932 609 1025 cipiat,
637 946 714 1006 at
738 933 941 1028 quasi
975 935 1069 1005 ad
1100 931 1466 1028 regionem
1492 934 1806 1027 aliquam
1841 934 2150 1005 clamore
2183 943 2257 1003 et
2284 931 2475 1004 curis
2516 1028 2521 1033 ψ

368 1073 693 1131 vacuam,
719 1050 845 1121 ubi
871 1074 1107 1121 errare
1142 1073 1271 1141 pro
1303 1049 1599 1121 arbitrio
1633 1049 1879 1141 possit,
1905 1061 1980 1120 et
2005 1072 2050 1118 a
2074 1048 2474 1120 communis

366 1166 543 1237 vitae
592 1166 917 1237 sordibus
968 1189 1119 1236 sese
1166 1165 1550 1259 aliquando
1601 1163 1822 1235 taedio
1874 1163 2196 1235 confecta
2244 1163 2478 1234 vindi-

366 1292 503 1355 cet.
573 1281 858 1373 Quippe
883 1281 1062 1352 illud
1085 1305 1227 1352 non
1264 1281 1476 1352 unius
1510 1281 1651 1352 aevi
1685 1289 1814 1352 aut
1846 1279 2083 1374 gentis
2117 1302 2269 1351 esse
2303 1278 2477 1351 satis

368 1406 669 1481 constat,
697 1397 821 1468 sed
847 1397 942 1468 ad
977 1396 1387 1467 universum
1424 1394 1797 1466 hominum
1834 1418 2060 1489 genus
2093 1393 2475 1486 pertinere,

368 1522 452 1582 ut
506 1522 751 1583 vetera
809 1513 1212 1584 recentibus
1267 1511 1767 1604 praestantiora
1816 1510 2174 1604 judicent.
2278 1508 2476 1579 Hinc

367 1639 774 1700 commenta
817 1628 940 1699 illa
991 1629 1080 1700 de
1121 1651 1337 1700 aureo
1386 1626 1638 1701 mundi
1683 1627 1944 1710 seculo,
1977 1637 2053 1698 et
2087 1625 2177 1696 de
2211 1647 2475 1719 genere

367 1742 541 1814 vitae
585 1743 906 1837 antiquo,
939 1766 1103 1838 quae
1151 1766 1314 1814 cum
1356 1742 1561 1814 bonis
1595 1743 1994 1814 abundaret
2029 1739 2279 1835 magis,
2313 1750 2473 1811 tum

367 1857 628 1929 scelere
663 1882 747 1930 ac
779 1857 1138 1929 laboribus
1171 1866 1467 1928 careret.

543 2005 687 2066 Non
718 2003 872 2067 alios
901 2003 1103 2089 prima
1130 2001 1457 2065 crescentis
1483 1998 1724 2085 origine
1754 1998 1977 2063 mundi

543 2105 837 2168 Illuxisse
866 2104 1021 2182 dies,
1052 2102 1327 2167 aliumve
1354 2101 1646 2165 habuisse
1675 2114 1954 2164 tenorem

543 2206 971 2271 Crediderim:
1022 2228 1131 2269 ver
1160 2204 1316 2269 illud
1348 2216 1503 2283 erat,
1532 2226 1643 2267 ver
1673 2224 1941 2289 magnus
1969 2200 2198 2287 agebat

541 2308 753 2387 Orbis,
784 2321 848 2373 et
876 2307 1174 2396 hybernis
1203 2306 1543 2395 parcebant
1569 2305 1826 2370 flatibus
1855 2302 2036 2369 Euri.

1795 2407 2063 2473 Gnoso.
2098 2406 2198 2468 II.
2232 2403 2384 2469 336.

464 2552 651 2632 Quae
685 2548 975 2642 quidem
1010 2571 1121 2619 res
1156 2548 1333 2619 adeo
1368 2547 1759 2620 multorum
1792 2544 2040 2616 laudes
2068 2545 2224 2639 jam
2260 2545 2473 2618 susti-

361 2666 548 2751 nuit,
585 2675 667 2738 ut
700 2688 883 2758 pene
928 2663 1133 2735 obrui
1172 2662 1259 2735 iis
1305 2673 1380 2734 et
1413 2661 1782 2758 exstingui
1817 2660 2186 2742 videatur;
2237 2684 2471 2755 neque

364 2804 523 2852 eam
571 2781 663 2852 ad
708 2778 1022 2872 poeticos
1068 2802 1261 2862 usuS,
1294 2777 1435 2849 nisi
1479 2779 1709 2850 obiter
1759 2777 2027 2848 dictam
2080 2788 2155 2846 et
2205 2774 2473 2847 brevis-

364 2895 566 2979 sime,
589 2897 745 2989 jam
780 2918 994 2966 sanus
1028 2894 1187 2987 quis
1221 2916 1539 2986 unquam
1576 2892 1876 2984 scriptor
1908 2888 2297 2961 adhibebit.

463 3012 813 3083 Attamen
843 3010 1015 3082 vitae
1048 3033 1133 3081 ac
1167 3031 1444 3079 morum
1474 3006 1890 3101 imaginem,
1916 3003 2169 3075 seculis
2197 3002 2470 3095 aliquot

363 3130 501 3200 hac
533 3138 775 3199 nostra
810 3124 1311 3219 antiquiorem,
1337 3122 1497 3216 quis
1532 3145 1675 3193 non
1712 3119 1952 3193 studio
1987 3117 2193 3212 quasi
2217 3128 2471 3210 captus

363 3241 815 3336 prosequitur
833 3242 869 3312 ἶ)
916 3251 992 3312 et
1026 3239 1087 3311 si
1119 3262 1296 3332 quas
1331 3247 1683 3309 anteactae
1717 3236 1956 3308 aetatis
1989 3234 2323 3328 reliquias
2356 3259 2470 3307 re-

364 3358 595 3429 tinere
638 3357 883 3450 possit,
918 3379 1063 3427 non
1108 3364 1342 3427 servet
1375 3355 1566 3425 ultro
1611 3363 1686 3424 et
1719 3352 1794 3423 in
1842 3350 2111 3423 deliciis
2145 3351 2406 3424 habeat
2429 3351 2465 3421 ἰ’

363 3472 715 3545 Feliciora
748 3472 998 3566 utique
1032 3494 1311 3564 semper
1352 3479 1519 3542 avet
1552 3492 1753 3540 mens
1799 3491 2015 3561 quam
2063 3491 2227 3561 quae
2271 3469 2472 3541 nuda

361 3613 603 3662 rerum
654 3591 797 3661 fert
832 3587 1132 3660 veritas:
1193 3597 1269 3660 et
1314 3585 1652 3680 quoniam
1703 3584 1795 3656 de
1846 3584 2225 3675 praeteritis
2276 3584 2470 3677 quod

364 3704 541 3778 libet
598 3706 823 3778 ferme
879 3706 1036 3798 jam
1102 3702 1270 3774 licet
1329 3702 1621 3797 fingere,
1682 3699 1891 3771 facile
1956 3700 2113 3770 haec
2170 3698 2471 3790 disjecta

364 3821 693 3915 quamvis
741 3821 1061 3892 membra
1104 3818 1178 3889 in
1215 3819 1491 3912 justam
1525 3815 1836 3908 corporis
1871 3811 2466 3908 magnitudinem,

364 3936 740 4029 phantasia
776 3935 1004 4029 magis
1039 3955 1255 4027 quam
1280 3932 1557 4003 ratione
1591 3931 1795 4012 duce,
1821 3926 2093 4019 expleri
2126 3925 2464 4019 patimur.
