3559 5575
474 685 1190 770 PRAELECTIO
1247 686 1821 771 VICESIMA
1877 688 2362 780 QUINTA.

377 964 847 1028 Sententiarum
878 965 980 1027 vis
1007 973 1291 1051 augetur
1316 965 1583 1029 dicentis
1610 965 1916 1044 moribus,
1946 964 1990 1030 i.
2014 990 2067 1031 e.
2094 969 2157 1031 si
2182 969 2262 1032 ab
2290 989 2361 1033 eo
2387 969 2487 1033 di-

461 1075 718 1143 cantur,
749 1086 930 1152 quem
964 1067 1162 1152 prius
1196 1068 1491 1131 noverint
1528 1067 1784 1131 lectores
1820 1077 1937 1132 aut
1970 1070 2163 1132 etiam
2201 1070 2486 1158 diligam

459 1176 523 1231 et
547 1167 972 1231 admirentur.
1071 1168 1268 1246 Tum,
1297 1169 1358 1231 si
1386 1177 1701 1232 commotoe
1726 1170 1955 1232 mentis
1981 1170 2226 1234 indicia
2239 1191 2393 1257 prae
2418 1193 2489 1236 se

430 1271 696 1356 firmat.
785 1271 1138 1334 Sententiis
1194 1291 1432 1335 rursus
1487 1272 1718 1357 cptime
1775 1268 2177 1335 declarantur
2227 1273 2482 1339 Mores:

446 1372 823 1458 praesertim
851 1372 962 1435 ubi
988 1380 1145 1435 sunt
1171 1372 1473 1436 subtilius
1500 1374 1673 1437 inter
1698 1393 1766 1436 se
1791 1372 2254 1461 disliruguendi.
2299 1377 2488 1439 Prae-

459 1474 644 1558 cipvae
669 1481 881 1536 autem
909 1473 983 1534 in
1012 1472 1359 1558 Afflctibus
1388 1472 1713 1536 movendis
1741 1473 1978 1553 valent,
2008 1476 2069 1539 si
2095 1497 2135 1539 a
2174 1476 2492 1541 consuetis

461 1573 727 1639 dioentis
752 1573 1036 1638 moribus
1062 1571 1456 1658 aliquantum
1489 1572 1891 1637 abhorreant.

1145 1841 1703 1892 -..-....,,-.-

384 2057 563 2153 ΑΒ
609 2079 894 2150 excelso
939 2080 1064 2151 illo
1108 2090 1185 2151 et
1217 2080 1597 2176 magnifico
1643 2079 2182 2153 Sententiarum
2225 2096 2491 2176 genere

382 2217 546 2288 quoe
595 2217 952 2265 summam
1002 2194 1523 2294 philosophiam
1591 2194 1903 2288 sapiunt,
1941 2196 2101 2289 jam
2150 2193 2247 2265 ad
2294 2194 2493 2265 aliud

383 2333 612 2405 genus
663 2309 1189 2381 deveniendum
1236 2319 1368 2393 est,
1401 2309 1494 2381 de
1539 2333 1684 2404 quo
1726 2309 1805 2380 in
1840 2309 2170 2402 proxima
2202 2310 2496 2402 praelec-

384 2426 582 2497 tione
620 2425 855 2497 brevis
901 2425 1235 2519 quaedam
1270 2425 1540 2497 mentio
1573 2435 1684 2496 est
1714 2425 2256 2496 facta—earum
2308 2422 2495 2496 scili-

385 2542 501 2613 cet
535 2564 699 2635 quae
748 2539 1003 2612 mediis
1047 2539 1124 2610 in
1172 2541 1382 2611 rebus
1427 2541 1664 2612 locum
1711 2538 2002 2622 habent,
2036 2546 2114 2609 et
2148 2561 2293 2608 una
2325 2561 2492 2610 cum

384 2656 758 2728 affectibus
793 2655 1169 2740 concitatis
1192 2655 1550 2749 judicium
1576 2654 1868 2749 aliquod
1893 2663 2023 2726 aut
2048 2655 2492 2747 voluptatem

386 2770 689 2844 dicentis
722 2771 1162 2865 exprimunt.
1236 2771 1462 2869 Cujus
1493 2772 1787 2866 quidem
1821 2769 2103 2866 generis
2134 2769 2494 2841 infinitam

387 2912 607 2981 prope
673 2888 1212 2959 multitudinem
1272 2887 1640 2983 sigillatim
1697 2886 2031 2981 persequi
2082 2884 2295 2956 hodie
2362 2902 2496 2956 nec

385 3006 564 3077 libet
589 3027 723 3075 nec
746 3012 976 3074 vacat.
1030 3004 1175 3073 Sed
1199 3003 1538 3075 videntur
1560 3003 1800 3097 aliqua
1833 3002 2146 3073 breviter
2170 3000 2495 3084 dicenda,

386 3119 583 3190 unde
616 3116 1009 3188 Sententiis
1044 3118 1273 3210 major
1296 3118 1627 3209 quaedam
1653 3116 2049 3209 comparari
2082 3115 2304 3209 possit
2335 3137 2499 3209 gra-

386 3233 514 3316 tia,
551 3256 770 3326 quam
817 3231 879 3302 si
922 3233 1124 3302 nulla
1172 3241 1329 3303 arte
1381 3232 1703 3303 adhibita
1754 3234 1905 3304 sola
1947 3232 2022 3302 vi
2073 3231 2358 3325 propria
2412 3247 2499 3302 ac

388 3347 925 3444 pulchritudine
957 3347 1382 3419 niterentur.

490 3464 782 3546 Quanto
816 3462 1041 3534 satius
1076 3462 1170 3534 sit
1202 3462 1470 3534 fabulae
1502 3485 1840 3556 personas
1873 3487 1961 3535 ea
2003 3487 2168 3558 quae
2213 3473 2499 3536 senten-

390 3576 653 3649 tiarum
688 3580 978 3650 nomine
1012 3578 1396 3674 dignamur
1428 3602 1648 3673 quam
1679 3591 1968 3673 poetam
2003 3580 2236 3673 ipsum
2276 3581 2495 3674 loqui,

377 3695 538 3788 jam
571 3693 895 3785 pluribus
927 3704 1405 3766 monstratum
1452 3705 1605 3767 estz
1656 3704 1817 3767 tum
1867 3695 1946 3766 id
1993 3695 2498 3788 praestantissi-

391 3830 593 3879 mum
616 3831 974 3903 quemque
997 3809 1412 3903 scriptorem
1440 3810 1688 3882 sedulo
1712 3834 1984 3894 curare,
2010 3822 2095 3883 ut
2117 3808 2497 3883 sententiae

390 3920 504 3994 vis
523 3934 845 3996 mentem
868 3925 1103 4011 feriat,
1101 3924 1373 4021 for-nm
1397 3927 1642 3999 lateat.
1694 3926 1910 4009 Quod
1936 3950 2107 3999 sane
2128 3950 2174 3998 a
2189 3924 2500 4020 Virgilio

391 4041 711 4134 pluribus
742 4040 1019 4115 factum
1053 4053 1163 4114 est
1189 4042 1459 4115 modis:
1495 4068 1588 4115 ne
1619 4044 1825 4137 quasi
1857 4044 2496 4136 partiumsuarum
