3559 5575
495 64 562 129 m
831 62 954 127 PARS
976 59 1201 127 SECUNDA
1301 60 1416 126 Pnsr.
1432 60 1557 127 xvn.

494 236 698 333 indignum,
719 258 829 329 quam
855 238 958 330 cujus
982 236 1100 307 tutelo
1123 245 1233 329 atque
1258 233 1436 307 auxilium
1461 238 1558 309 votis

495 354 569 427 tuis
586 375 752 441 concesso
762 351 910 438 fuerint,
922 374 1015 434 eam,
1027 350 1220 423 interfecto
1234 350 1334 444 prius
1351 356 1558 440 mutre,olr-

494 470 582 541 sidio
598 471 675 541 loco
691 467 875 540 retinere?
903 464 1011 557 (Vnt.
1028 464 1174 561 Eorip.
1191 463 1233 536 io
1253 462 1416 563 Oreste.)

546 586 689 657 Minore
705 584 743 655 in
761 584 867 677 culpa
883 583 947 655 sed
963 584 1083 677 aliqua
1094 583 1134 653 in
1146 583 1252 675 culpo
1265 593 1388 655 temen
1397 583 1554 679 Ajacem

495 702 598 774 illum
616 702 852 793 Sophocleum
869 699 963 770 duco
979 722 1067 782 esse,
1084 721 1193 792 quem
1216 698 1365 770 minime
1390 700 1552 784 decebat,

494 819 579 890 fidae
594 827 703 910 utque
719 814 976 886 amantissimae
994 813 1155 909 conjugis
1171 837 1243 885 nnn
1262 814 1369 886 modo
1387 815 1550 908 precibus

495 945 535 1007 et
551 936 651 1004 luctu
669 932 804 1004 moveri
820 932 927 1013 nolle,
944 953 1071 1000 verum
1093 930 1204 1001 etiam
1227 930 1343 1022 ipsam
1364 954 1492 1022 aspero
1512 943 1551 1003 et

495 1050 693 1122 inhumano
718 1070 880 1119 sermone
905 1048 952 1117 ab
976 1069 1015 1117 se
1035 1045 1195 1141 rejicere.
1246 1045 1376 1138 Neque
1400 1046 1549 1118 dubium

495 1168 621 1251 habeo,
639 1165 725 1259 quin
743 1165 774 1235 si
790 1162 992 1235 constantio
1008 1162 1120 1234 animi
1137 1171 1289 1243 servata,
1307 1161 1487 1233 mitiorem
1511 1164 1549 1234 in

496 1282 564 1352 hoc
589 1279 764 1373 colloquio
789 1278 972 1350 tenuisset
987 1277 1146 1363 modum,
1162 1287 1200 1348 et
1221 1276 1328 1347 uxori
1347 1277 1484 1369 pariter
1508 1302 1550 1348 uc

495 1394 568 1465 filio
593 1416 800 1486 supremum
816 1392 1059 1476 valedixisset,
1076 1416 1132 1465 res
1147 1390 1225 1463 visa
1247 1401 1340 1463 esset
1356 1394 1463 1487 longe
1488 1392 1550 1464 fle·

495 1508 610 1590 bilior,
627 1518 665 1579 et
681 1508 740 1579 cui
755 1508 794 1578 in
812 1509 963 1581 affectus
979 1508 1126 1580 intimos
1142 1508 1318 1601 patuisset
1334 1507 1465 1579 editus.

546 1624 745 1710 Postremo,
762 1623 932 1716 quoniam
950 1625 1096 1697 miseros
1114 1623 1206 1695 nihil
1222 1624 1336 1720 magis
1353 1624 1469 1707 decet,
1486 1634 1550 1695 aut
1665 1629 1666 1654 ¹

495 1739 538 1811 iis
571 1739 794 1833 frequentius
812 1744 891 1811 'usu
917 1741 1029 1824 veuit,
1054 1764 1162 1833 quam
1187 1752 1231 1813 ut
1256 1742 1417 1813 Deorum
1443 1764 1548 1834 opem

495 1867 640 1950 sperent
656 1857 921 1951 postulentque,
938 1867 976 1928 et
991 1867 1071 1928 tum
1088 1857 1270 1950 praecipue
1292 1858 1406 1929 menti
1427 1882 1550 1929 occor-

495 1971 544 2045 rit
560 1974 607 2045 od
623 1974 719 2044 Deos
736 1974 940 2068 confugere,
956 1972 1101 2066 quando
1119 1976 1294 2045 humanus
1310 1997 1390 2067 spes
1405 1974 1548 2066 penitus

495 2087 680 2161 intercisas
696 2090 833 2173 vident,
850 2088 966 2160 omnis
981 2088 1115 2161 idcirco
1131 2087 1170 2160 in
1187 2090 1254 2161 tali
1275 2089 1480 2161 conditione
1499 2090 1550 2159 ri-

415 2224 417 2229 ’
494 2205 608 2275 tanda
628 2215 683 2277 est
705 2204 901 2298 impietatis
926 2203 1100 2296 suspicio;
1127 2228 1209 2276 cunr
1234 2216 1272 2277 et
1295 2216 1427 2277 natura
1450 2206 1550 2277 aliud

494 2331 630 2414 poscat,
653 2331 692 2392 et
717 2346 773 2391 res
795 2322 874 2413 ipsa
897 2319 1000 2413 provi
1018 2319 1156 2416 ingenii
1181 2320 1428 2393 testimonium
1453 2322 1548 2394 edat

495 2436 616 2520 Quare
638 2435 735 2528 apud
756 2436 910 2529 optimos
932 2446 1056 2529 poetas
1081 2460 1223 2508 summa
1246 2460 1386 2531 semper
1411 2438 1550 2509 obtinet

494 2549 606 2623 etiam
621 2550 659 2620 in
677 2550 872 2644 desperatis
890 2554 996 2625 rebus
1018 2552 1176 2624 numinis
1198 2554 1411 2627 reverentie.
1465 2554 1549 2625 Huc

493 2690 533 2738 se
550 2676 720 2759 tnnquom
738 2667 776 2737 in
797 2677 943 2759 portum
965 2679 1075 2763 atque
1096 2670 1302 2766 perfugium
1327 2671 1549 2742 miserrimus

494 2782 645 2879 quisque
669 2782 808 2878 recipit,
825 2794 1010 2880 utcunque
1027 2785 1064 2856 vi
1086 2797 1124 2859 et
1141 2786 1281 2860 saevitin
1303 2789 1547 2883 potentiorum

493 2899 728 2994 opprimatur.

621 3079 725 3160 Ἡμεῖς
737 3078 788 3158 μὲν
803 3077 848 3142 οὖν
863 3077 956 3141 δοῦλοί
966 3105 997 3143 το
1013 3079 1154 3155 nactust,
1169 3078 1249 3161 ἴσως,

622 3181 709 3244 Ἀλλ’
725 3187 749 3245 οἶ
763 3181 813 3245 θεοὶ
829 3181 964 3261 σθένοοσο,
976 3182 1012 3268 χ’
1027 3185 1049 3245 οὗ
1065 3182 1159 3246 κείνων
1173 3194 1282 3268 κρατῶν

623 3281 731 3364 Νόμος.
835 3295 838 3302 “
1090 3351 1103 3371 ,
1212 3287 1301 3351 EUR-
1318 3289 1407 3353 HEC·
1425 3291 1502 3360 798.

491 3461 701 3555 iterumque
723 3461 762 3532 in
784 3463 936 3556 captivis
954 3465 1106 3538 Hecuba
1129 3467 1268 3539 solenni
1290 3491 1396 3563 prece
1412 3467 1544 3541 Jovem

492 3575 657 3659 invocem

616 3751 662 3818 Ὦ
675 3761 727 3840 γῆς
742 3755 853 3843 ὄχημα,
869 3759 938 3845 spiri
953 3766 1006 3847 γῆς
1021 3761 1095 3848 ἔχων
1110 3761 1202 3846 ἕδραν,

614 3855 719 3934 Ὅστις
733 3863 793 3924 τοτ’
809 3861 833 3925 cl
846 3863 882 3926 σὺ
897 3863 1088 3939 δυστόπαστος
1102 3863 1197 3928 εἰδέναι

622 3959 702 4042 Ζεὺς,
718 3960 766 4026 εἶτ’
782 3964 894 4049 ἀνάγκη
908 3966 1025 4048 worm,
1041 3965 1096 4030 tiro
1110 3973 1168 4042 νοῦς
1183 3969 1302 4052 βροτῶν,
1375 3957 1379 3964 ’
