3559 5575
471 520 515 582 34
846 513 968 578 PARS
991 513 1151 579 PRIMA
1325 517 1439 580 Pur.
1454 517 1529 581 111.

471 711 669 784 quaquam
686 688 840 759 naturali
858 688 1015 780 quodam
1038 687 1181 758 aurium
1200 687 1340 782 judicio
1356 689 1530 762 cernitur.

472 805 568 876 Nam
595 814 659 875 aut
690 803 841 898 grandia
870 814 908 874 et
937 803 1112 875 terribilia
1144 803 1265 875 animo
1295 805 1530 898 concipimus,

471 945 555 1016 quae
581 922 829 991 vehementem
856 920 1041 1010 postulant
1064 942 1298 1014 asperumque
1323 920 1531 1009 dictionem,

473 1047 537 1106 aut
555 1047 680 1106 contra
697 1033 792 1104 lenia
809 1043 847 1105 et
864 1035 1057 1127 tranquilla
1074 1058 1157 1129 quae
1179 1033 1368 1106 remissum
1386 1036 1531 1109 dicendi

470 1174 596 1247 genus,
614 1159 678 1220 aut
694 1150 781 1220 laeta
797 1173 879 1242 quae
906 1149 1019 1220 hilare
1035 1161 1073 1220 et
1090 1159 1270 1235 ornatum,
1287 1165 1352 1222 aut
1369 1152 1529 1222 solennia

473 1289 556 1359 quae
581 1288 701 1360 grave,
720 1275 784 1334 aut
801 1264 919 1336 tristia
935 1289 1018 1358 quae
1044 1265 1259 1336 submissum
1284 1277 1322 1338 et
1345 1267 1530 1339 illaetabile

472 1381 670 1474 requirunt.
708 1381 806 1451 Tum
822 1381 861 1451 in
880 1383 1068 1452 verborum
1086 1381 1329 1467 commissura,
1345 1383 1384 1452 in
1402 1385 1531 1476 rhyth-

475 1521 534 1568 mo
552 1509 771 1592 numeroque
789 1497 1019 1580 conficiendo,
1036 1497 1162 1569 eadem
1187 1521 1308 1569 rerum
1328 1521 1411 1591 quae
1437 1511 1532 1570 trac-

474 1623 599 1685 tantur
616 1614 780 1685 babendn
797 1623 852 1684 eet
869 1611 982 1683 ratio:
1010 1613 1179 1705 quoniam
1205 1614 1253 1684 ad
1277 1616 1451 1707 cujusque
1476 1608 1531 1686 rei

473 1729 711 1801 imitationem
736 1753 858 1800 versus
879 1729 1143 1820 quodammodo
1159 1729 1345 1800 informari
1369 1743 1529 1823 possunt

474 1845 553 1918 Aut
575 1845 670 1914 enim
695 1855 780 1914 sunt
803 1843 946 1925 celeres,
963 1854 1028 1914 aut
1044 1844 1150 1931 tardi,
1167 1854 1231 1914 aut
1253 1845 1290 1915 in
1314 1845 1431 1915 frusta
1446 1867 1532 1915 con-

475 1960 549 2042 cisi,
575 1969 639 2028 aut
665 1958 858 2050 praeiracti,
885 1969 950 2028 aut
976 1961 1112 2041 molles,
1142 1971 1206 2030 aut
1235 1983 1332 2055 aegre
1362 1961 1532 2032 videntur

474 2073 686 2168 promoveri,
699 2082 763 2143 aut
777 2074 900 2144 crebro
917 2075 1128 2157 subsultare,
1142 2085 1206 2144 aut
1219 2075 1296 2146 sine
1309 2099 1407 2147 more
1420 2075 1531 2148 fluere

475 2214 517 2262 ac
540 2188 674 2284 vagari,
691 2211 773 2282 quae
799 2188 997 2259 carminum
1021 2189 1213 2260 varietates
1238 2202 1280 2261 ut
1304 2191 1351 2261 ad
1373 2191 1531 2262 diversos

474 2329 593 2377 rerum
624 2305 779 2398 impetus
810 2316 999 2398 motusque
1026 2307 1265 2398 respondeant
1292 2307 1381 2378 adeo
1408 2319 1463 2378 est
1491 2307 1530 2377 in

473 2430 642 2515 promptu
655 2421 786 2505 videre,
804 2432 845 2493 ut
863 2421 926 2491 vix
944 2422 1147 2514 hujusmodi
1165 2423 1339 2514 exemplis
1356 2447 1412 2494 res
1437 2422 1532 2493 indi-

476 2552 570 2637 geat.

526 2658 655 2752 Neque
680 2659 718 2728 id
743 2658 781 2729 in
803 2658 1009 2749 corporibus
1033 2657 1284 2727 tantummodo
1301 2656 1531 2750 externisque

476 2775 654 2846 cernitur:
681 2773 768 2867 quin
804 2775 918 2844 multo
947 2772 1058 2844 etiam
1088 2773 1202 2868 magis
1236 2772 1386 2844 affectus
1419 2773 1532 2844 animi

476 2915 580 2961 suum
612 2892 745 2960 babent
773 2888 924 2981 quisque
950 2901 1100 2972 motum,
1129 2913 1232 2960 suum
1259 2913 1398 2971 sonum,
1426 2912 1530 2959 snum

477 3004 642 3079 dictionis
662 3004 822 3074 habitum
843 3015 881 3075 et
898 3006 1064 3087 colorem,
1082 3028 1153 3097 quo
1171 3004 1399 3075 audientibus
1423 3006 1530 3087 ultro,

477 3122 578 3218 quasi
621 3118 854 3190 similitudine
888 3121 1044 3212 quadam
1079 3144 1258 3211 expressa,
1291 3121 1529 3192 innotescant.

477 3240 627 3312 Etenim
644 3238 724 3333 quis
741 3250 795 3309 est
812 3240 901 3310 adeo
917 3251 1049 3311 natura
1065 3239 1201 3322 tardus,
1214 3239 1365 3333 quinon
1383 3240 1431 3310 ex
1448 3261 1532 3309 con·

477 3357 588 3430 citato
609 3381 739 3452 genere
762 3355 905 3427 dicendi
929 3355 1153 3427 iracundiam
1177 3354 1374 3450 dignoscat,
1392 3379 1439 3426 ex
1464 3357 1532 3426 hu-

478 3474 554 3546 mili
574 3486 611 3548 et
638 3452 838 3567 iriterruptn
858 3495 1055 3557 maerorem,
1072 3494 1119 3543 ex
1144 3470 1251 3541 celeri
1274 3482 1311 3542 et
1331 3469 1532 3542 abundanti

476 3592 653 3673 laetitiam,
670 3615 717 3662 ex
739 3593 884 3662 turbato
901 3588 1098 3681 rapidoque
1123 3586 1347 3680 repentinam
1373 3587 1531 3682 aliquam

477 3716 514 3778 et
531 3707 789 3775 tumultuosam
807 3704 1065 3775 formidinem?

566 3840 697 3903 Format
711 3838 792 3902 enim
809 3851 922 3902 natura
936 3839 1025 3926 prius
1039 3862 1096 3904 nos
1110 3840 1197 3904 intua
1210 3838 1253 3903 ad
1267 3861 1392 3903 omnem

565 3942 779 4007 Fortunarum
794 3927 950 4017 habitum,
962 3942 1067 4028 juvat,
1083 3954 1140 4006 aut
1154 3940 1287 4028 impellit
1301 3940 1343 4005 ad
1356 3941 1448 4017 iram,

565 4045 637 4108 Aut
647 4042 687 4107 ad
702 4042 835 4107 humum
852 4066 982 4108 maerore
996 4043 1085 4130 gravi
1099 4043 1240 4121 deducit,
1255 4057 1287 4107 et
1301 4043 1405 4129 angit3

565 4147 642 4211 Post
657 4146 746 4211 effert
761 4145 855 4210 animi
872 4159 977 4210 motus
991 4146 1161 4233 interprete
1175 4146 1293 4233 lingua

528 4283 699 4368 Quinimo
726 4306 773 4354 ex
797 4282 883 4376 ipsis
914 4282 1116 4354 nominibus
1145 4306 1228 4377 quae
1252 4282 1359 4353 variis
1388 4282 1532 4355 dicendi

478 4401 591 4472 modis
617 4399 799 4492 imponere
825 4400 989 4480 solemus,
1007 4420 1086 4468 eam
1104 4398 1220 4469 verbis
1244 4398 1358 4468 inesse
1383 4398 1454 4468 vim
1479 4400 1532 4469 fa-
