3559 5575
488 530 532 594 ³6
858 527 980 592 PARS
1005 523 1163 592 PRIMA
1341 527 1455 594 Pam..
1472 529 1547 595 111.

575 717 715 803 Jamque
730 713 874 792 humiles,
885 715 1018 803 jamque
1028 714 1102 780 elati
1116 713 1252 780 sublime
1268 713 1419 781 videntur

575 821 664 883 Aera
677 841 734 906 per
749 841 884 882 vacuum
901 819 988 897 ferri,
1002 831 1099 905 atque
1114 840 1278 905 assurgere
1292 817 1324 882 in
1339 840 1443 884 auras.

487 943 540 1013 At
558 950 693 1024 contra,
711 941 883 1034 Cyclopes
908 941 1012 1036 gravi
1032 949 1070 1011 et
1095 939 1202 1011 tardo
1225 951 1327 1013 motu
1351 941 1464 1036 aequis
1487 942 1545 1012 di·

488 1077 649 1128 mensum
667 1056 863 1128 intervallis
881 1080 970 1149 opus
988 1055 1196 1142 moliuntur,

569 1167 623 1234 Illi
637 1167 718 1234 inter
733 1193 798 1234 sese
812 1191 928 1257 magna
943 1169 974 1233 vi
990 1167 1119 1233 brachia
1133 1167 1270 1233 tollunt:

487 1315 560 1384 quo
593 1291 703 1364 etiam
737 1317 888 1364 numero
915 1293 1098 1385 improbus
1131 1291 1191 1362 ille
1217 1289 1416 1386 Gigantum
1442 1292 1543 1362 labor

489 1408 712 1494 enuntiatur,

572 1523 636 1588 Ter
650 1538 725 1589 sunt
738 1523 841 1589 conati
855 1523 1018 1611 imponere
1034 1519 1124 1585 Pelio
1139 1522 1270 1596 Ossam3

485 1645 547 1716 ubi
565 1645 688 1718 Poetae
706 1646 952 1718 consiliumne
974 1654 1189 1738 potestatem
1210 1664 1318 1714 nemo
1335 1665 1442 1713 sanus
1467 1665 1539 1712 non

486 1761 721 1853 conspicatur.
1513 1856 1516 1860 ι

536 1876 724 1946 Sexcentis
749 1874 883 1968 pariter
902 1875 941 1945 in
959 1874 1046 1946 locis
1066 1875 1105 1945 id
1130 1873 1253 1945 sedulo
1270 1873 1346 1968 agit
1364 1871 1540 1967 Virgilius

485 1999 527 2061 ut
543 2013 709 2062 versuum
728 2015 850 2065 cursus
867 1990 921 2062 rei
937 2000 1094 2061 narratae
1109 1988 1336 2081 respondeat.

571 2128 725 2215 Aggressi
738 2128 823 2192 ferro
836 2125 966 2206 circum,
982 2151 1048 2216 qua
1062 2146 1187 2192 summa
1198 2125 1341 2190 labantes

569 2231 593 2293 J
596 2243 746 2294 uncturae
760 2229 902 2295 tabulata
914 2228 1044 2307 dabant,
1060 2226 1264 2294 convellimus
1279 2225 1351 2291 altis

572 2332 718 2413 Sedibus,
732 2335 988 2422 lmpnlimuaqaae.
1023 2333 1079 2396 Ea
1090 2333 1183 2418 lapsa
1197 2340 1324 2418 repenle
1338 2331 1470 2394 ruinam

571 2436 653 2500 Cum
666 2438 774 2501 sortitu
789 2435 900 2514 trabit,
914 2444 945 2500 et
960 2433 1116 2498 Domum
1130 2453 1229 2520 super
1242 2433 1378 2520 agruim
1392 2433 1454 2496 late

460 2573 469 2588 ·
569 2539 699 2603 Incidit.
1252 2535 1334 2598 ΕΝ.
1352 2533 1405 2600 11.
1421 2531 1493 2598 463.

571 2663 631 2728 Ille
645 2665 726 2729 inter
741 2688 851 2729 navem
869 2665 953 2751 Gyoe
968 2661 1177 2750 scopulosque
1192 2674 1337 2726 sonantes

569 2767 671 2831 Radit
686 2769 748 2831 iter
761 2767 878 2832 laevum
895 2767 1032 2831 interior
1047 2767 1104 2831 lic.
1264 2763 1348 2828 ΕΝ.
1364 2763 1406 2827 V.
1417 2758 1493 2832 169.

570 2891 707 2956 Labitur
722 2907 818 2958 uncta
832 2892 921 2958 vadis
934 2893 1028 2957 abies.
1223 2891 1304 2957 AEu.
1320 2892 1424 2956 VIII.
1439 2890 1491 2960 91.

569 3012 727 3076 Demens!
752 3011 808 3098 qui
824 3011 985 3076 Rutulum
999 3012 1032 3076 in
1048 3012 1154 3078 medio
1168 3034 1231 3076 nou
1246 3011 1373 3099 agmine
1386 3032 1492 3097 regem

575 3114 694 3179 Viderit
707 3117 948 3203 irrumpentem.
1235 3113 1317 3179 ΕΝ.
1334 3114 1403 3178 lx.
1418 3115 1492 3180 728.

568 3232 642 3295 Non
654 3230 743 3297 aliter
757 3254 854 3319 quam
868 3233 925 3320 qui
939 3232 1071 3299 adverso
1085 3232 1139 3297 vix
1153 3231 1283 3297 flumine
1297 3231 1440 3297 lembum

568 3334 722 3423 Remigiis
736 3335 871 3423 subigit:
896 3337 921 3399 ai
936 3335 1065 3401 brachia
1078 3336 1160 3400 forte
1174 3334 1304 3412 remisit,

567 3441 679 3525 Atque
693 3438 781 3504 illum
797 3439 830 3503 in
844 3462 985 3526 praeceps
999 3461 1101 3526 prono
1115 3437 1198 3525 rapit
1212 3437 1322 3502 alveus
1335 3436 1431 3501 amni.

1240 3541 1354 3606 Gnon.
1371 3541 1399 3605 I.
1415 3540 1490 3604 201.

480 3678 617 3760 Quibus
643 3680 753 3749 etiam
782 3680 1003 3774 adjungatur
1028 3678 1200 3771 serpentis
1230 3677 1434 3771 descriptio,
1464 3678 1537 3749 fre-

480 3794 628 3885 quentia
643 3794 759 3865 literae
778 3794 809 3862 L
828 3794 1006 3866 notabilis.

566 3904 627 3970 Ille
640 3905 722 3969 inter
735 3922 835 3969 vestes
850 3920 881 3971 et
896 3906 987 3972 laevia
1000 3922 1128 3994 pectora
1141 3906 1249 3994 lapsus

565 4007 712 4072 Volvitur
725 4022 845 4073 attactu
860 4010 959 4089 nullo,
974 4009 1119 4098 fallitque
1133 4010 1311 4091 furentem3

567 4109 731 4197 Vipeream
747 4110 902 4199 inspirans
916 4112 1069 4178 animam:
1093 4113 1132 4177 fit
1146 4112 1250 4177 tortile
1265 4108 1346 4177 collo

563 4216 693 4277 Aurum
707 4212 818 4301 ingens
831 4213 971 4294 coluber,
986 4216 1023 4279 fit
1037 4216 1141 4303 longae
1156 4215 1251 4280 taenia
1265 4214 1366 4293 vittoe,

566 4314 766 4405 Innectitque
780 4341 895 4401 comas,
910 4331 943 4384 et
958 4318 1107 4383 membris
1120 4317 1262 4383 lubn'cus
1276 4329 1370 4381 errat.

1219 4418 1297 4483 AEn.
1313 4418 1396 4481 Vll.
1412 4419 1486 4485 349.
