3559 5575
436 770 1158 855 PRAELECTIO
1217 771 1689 859 DECIMA
1742 772 2241 857 OCTAVA.

285 1076 394 1139 De
415 1074 684 1139 Furore.
771 1072 1009 1161 Magis
1036 1072 1122 1136 ad
1150 1071 1577 1137 Phania-’iam
1605 1094 1798 1160 quam
1826 1073 1914 1137 ad
1941 1074 2219 1161 Affectus
2242 1094 2399 1160 per-

376 1178 558 1243 timet.
646 1176 883 1240 Insani
924 1176 1134 1263 ipsius
1177 1176 1297 1239 via·
1337 1196 1454 1239 nos
1495 1177 1774 1256 miseret,
1817 1178 1950 1241 wisi
1999 1185 2118 1240 aut
2160 1195 2407 1264 angore

371 1278 1622 1344 animimoeiemr—autmooeeumsui
1653 1279 2166 1366 compotemfire
2198 1278 2410 1365 suspi-

367 1390 792 1447 cemur—aut
819 1381 1183 1469 praeteritae
1225 1380 1618 1445 calamitatis
1656 1400 1851 1446 sensu
1901 1381 2242 1466 martifiaeto
2289 1382 2408 1444 im-

354 1486 668 1573 pellatur.
790 1485 956 1559 Quae
1008 1484 1229 1549 omnia
1268 1490 1638 1569 peccarunt,
1683 1483 2065 1570 prce-sertim
2118 1482 2402 1570 Virgilii,

366 1588 746 1654 auctoritaie
771 1585 1283 1675 comprobamur.

1091 1832 1643 1885 —-—-0·-—-

296 2046 796 2145 INTAOTA
842 2075 1192 2147 hactenus
1243 2084 1356 2147 est
1403 2073 1732 2169 quaestio,
1777 2096 1947 2167 quae
1994 2082 2081 2145 ut
2123 2072 2404 2168 copiose

293 2191 707 2285 disputetur
749 2189 1139 2261 admodum
1183 2190 1261 2261 in
1303 2212 1459 2263 rem
1504 2200 1826 2261 nostram
1870 2188 2031 2273 erit,
2063 2189 2405 2283 quoniam

291 2307 391 2380 ad
435 2306 831 2378 affectuum
874 2305 1230 2377 rationem
1268 2304 1624 2399 imprimis
1658 2304 1943 2389 attinet,
1976 2317 2194 2400 atque
2226 2306 2405 2379 adeo

290 2450 339 2497 a
371 2422 735 2495 nonnullis
767 2420 842 2492 in
875 2420 1184 2515 poeticae
1213 2421 1389 2493 artis
1421 2422 1903 2493 instrumento
1928 2422 2131 2516 quasi
2156 2422 2407 2515 praeci-

288 2563 520 2633 puum
554 2538 916 2632 quoddam
952 2536 1124 2631 poni
1160 2537 1464 2609 videtur.
1533 2536 1931 2609 Enimvero
1955 2561 2051 2609 ex
2078 2537 2406 2634 ngicis

291 2656 751 2750 scriptoribus
810 2653 1129 2749 antiquis
1182 2654 1547 2726 neminem
1596 2678 1743 2726 non
1795 2678 2083 2747 operam
2145 2655 2407 2729 alicubi

290 2770 569 2845 dedisse
618 2780 902 2844 constat
950 2769 1029 2842 in
1081 2770 1363 2844 Furore
1420 2768 1642 2842 animi
1699 2769 2196 2867 depingendo;
2246 2780 2404 2845 tum

290 2887 805 2960 recentioribus
858 2887 1287 2981 quibusdam
1337 2885 1415 2958 in
1465 2887 1719 2959 eodem
1770 2898 2198 2984 argumento
2247 2888 2408 2961 dili-

293 3001 586 3098 gentius
621 3000 890 3071 versari
922 3001 1218 3094 placuit,
1250 3012 1507 3096 utpote
1541 3025 1635 3074 ex
1670 3025 1837 3096 quo,
1871 3002 1934 3074 si
1966 3004 2224 3099 vulgus
2266 3004 2407 3076 lec-

295 3128 540 3190 torum
588 3115 990 3200 audiamus,
1040 3140 1321 3190 summa
1369 3119 1663 3191 accedat
1707 3118 1973 3191 fabulae
2019 3118 2129 3190 vis
2174 3128 2250 3191 et
2284 3142 2406 3191 ve-

292 3242 566 3305 nustas.
669 3232 932 3328 Neque
977 3257 1150 3305 sane
1193 3257 1496 3330 usquam
1546 3234 1860 3330 digitum
1909 3235 2248 3309 libentius
2297 3236 2408 3308 in-

294 3349 591 3422 tendere
622 3350 856 3422 solent
890 3349 1238 3460 homines?
1263 3375 1406 3446 quo
1439 3351 1806 3448 egregiam
1839 3362 2074 3445 poetae
2105 3351 2407 3424 facultas-

294 3475 446 3538 tem
469 3489 622 3538 esse
646 3466 1078 3563 significent,
1096 3491 1316 3562 quam
1339 3466 1569 3540 sicubi
1599 3479 1845 3541 mente
1877 3468 2178 3564 alicujus
2210 3469 2404 3562 capti

295 3605 516 3677 vagos
561 3594 796 3655 motus
836 3593 913 3655 et
945 3583 1223 3657 furores
1267 3583 1345 3656 in
1392 3606 1678 3657 scenam
1719 3585 2059 3680 proferat.
2164 3584 2403 3669 Quam

297 3697 589 3792 quidem
621 3696 1033 3791 opinionem
1065 3698 1173 3771 ita
1206 3699 1824 3796 perstringendam
1860 3700 2064 3785 duxi,
2095 3724 2240 3773 non
2292 3699 2404 3773 uti

293 3815 550 3887 falsam
590 3815 883 3888 omnino
929 3798 1090 3887 eam
1135 3839 1290 3890 esse
1329 3840 1729 3913 arguerem,
1762 3840 2014 3890 verum
2046 3827 2135 3890 ut
2164 3817 2405 3911 aliqua

295 3941 495 4006 certe
542 3953 637 4002 ex
688 3939 899 4025 parte
956 3930 1424 4004 minuendam
1474 3933 2063 4006 docerem—tum
2112 3943 2200 4004 ut
2237 3954 2403 4025 quae

295 4056 568 4120 temere
619 4056 841 4143 atque
890 4046 1223 4143 imperite
1272 4073 1320 4122 a
1367 4049 1722 4148 plerisque
1770 4051 1850 4122 in
1905 4052 2041 4122 hac
2081 4071 2161 4121 re
2203 4046 2403 4143 judi-
