3559 5575
251 162 258 169 ,
305 98 415 163 Pras.
432 97 531 163 XIV.
633 96 1033 174 nnAFPbchos.
1295 101 1360 171 190

301 268 562 344 contraxerint.
594 270 759 347 Perennis
775 271 874 355 enim
890 270 1011 363 psallo
1027 280 1114 351 unte
1130 269 1273 365 rejectis
1286 269 1359 344 n’n·

300 384 418 479 golmi
430 385 565 459 virtute
575 387 687 481 juxta
703 411 746 464 oc
757 386 848 459 vitio
863 385 1076 481 insignibus,
1086 384 1206 481 pergit
1222 384 1359 459 dicerer

343 532 381 594 Ὁ
394 533 503 615 patefit
518 530 576 618 ripa
588 532 693 597 seiros
707 533 812 607 λοιπός.
852 529 944 595 Ἐστι
966 532 995 595 ti
1009 537 1143 609 τοιοῦτος,
1159 536 1173 593 t
1186 531 1259 613 μήτε
1272 535 1360 619 ἇρπῇ

301 633 443 720 διιφέρων,
459 634 508 699 sal
522 634 693 720 δικαιοσύνῃ,
707 636 779 718 μήτε
793 636 839 699 διὰ
855 631 960 697 κακίαν
973 634 1024 697 nal
1036 632 1193 720 mospius
1206 634 1359 715 μεταβάλ-

301 746 358 799 λων
380 738 417 809 εἷς
437 738 486 813 τὴν
508 734 677 818 δυστυχίαν,
692 739 805 801 ΑΛΛΑ
823 737 874 799 Al·
889 738 1109 801 AMAPHAN
1127 738 1243 814 TlNA,
1257 740 1359 804 ebulo

301 834 417 923 μεγάλῃ
433 836 495 923 δόξῃ
509 833 592 899 ὄντων
608 836 657 901 nal
673 836 803 923 εὐωχίᾳ.

716 938 843 1002 Asrsn.
858 938 968 1002 Porro.
984 955 1047 1021 up.
1064 936 1115 1024 ιγ’.
1130 936 1179 1003 ed.
1195 938 1314 1002 Winst

355 1070 564 1145 Meminisse
589 1072 728 1145 interea
757 1073 905 1145 omnino
929 1073 1121 1165 oportebit,
1142 1073 1213 1145 alia
1237 1081 1359 1147 mente

302 1188 401 1257 hunc
425 1189 552 1278 probos
579 1188 722 1283 egregie
751 1187 1003 1283 improbusque
1031 1210 1145 1259 sceno
1173 1190 1360 1283 relegasse,

302 1301 373 1372 alia
389 1325 454 1374 nos
471 1326 530 1374 eos
547 1301 733 1374 universa
746 1301 860 1398 poesi
873 1327 1004 1397 parum
1020 1304 1166 1375 idoneos
1183 1302 1359 1398 judicare.

304 1417 377 1488 Hic
389 1416 486 1488 eninr
499 1418 668 1512 quoniam
682 1418 801 1511 probis
817 1418 979 1491 miserias
995 1418 1164 1490 obvenire
1181 1414 1358 1503 odiorum

301 1528 473 1622 improbis
489 1541 614 1603 contra
630 1528 984 1626 auditujucuudum
996 1532 1152 1616 videtur,
1164 1532 1298 1604 idcirco
1316 1542 1359 1604 ut

302 1646 453 1717 affectus
469 1645 745 1741 'l'rsgoediarum
761 1646 898 1740 proprii
918 1646 1156 1731 concitentur,
1173 1647 1212 1717 in
1238 1646 1358 1720 medio

303 1762 458 1854 quodam
471 1783 603 1856 genere
614 1764 830 1834 versandum
847 1763 985 1835 edocet.
1035 1764 1187 1835 Etenim
1203 1764 1272 1834 hac
1289 1762 1359 1833 dif-

302 1876 463 1947 ficultate
485 1900 542 1947 res
563 1877 669 1949 unice
690 1878 887 1960 laborabat,
910 1888 954 1948 ut
978 1879 1078 1948 selva
1096 1876 1252 1971 justitiae
1279 1878 1359 1972 lege

304 1990 547 2062 misericordis
563 2000 686 2062 tomen
704 2002 929 2063 moveretur:
955 2014 1065 2084 quam
1081 2015 1128 2062 ne
1145 1992 1196 2061 sic
1212 1990 1359 2084 quidem

304 2104 448 2197 penitus
465 2104 671 2197 expeditam
689 2114 795 2196 puto;
815 2128 898 2176 cum
912 2104 982 2175 nisi
998 2106 1114 2196 culpae
1131 2106 1279 2176 modum
1295 2129 1360 2177 ex·

305 2225 450 2309 superet
478 2240 596 2309 poena,
626 2218 868 2290 misericordia
897 2217 1007 2290 absit:
1040 2218 1131 2290 illud
1159 2230 1282 2292 autem
1311 2243 1359 2293 ne

303 2333 378 2416 fist,
390 2332 536 2428 justitia
552 2340 661 2404 vetet.

354 2448 521 2521 meecto
533 2448 629 2519 inter
641 2457 804 2519 veterum
815 2448 1076 2543 ngoedorom
1090 2446 1257 2540 reliquias
1268 2470 1358 2539 pau·

303 2563 455 2636 cissimae
480 2571 672 2655 supersunt
697 2564 765 2633 hoc
794 2562 895 2633 exitu
926 2563 1069 2633 fobulae.
1121 2562 1289 2655 Namque
1313 2571 1357 2634 ut

303 2679 428 2749 missas
447 2680 526 2773 jam
542 2700 667 2749 omnes
683 2677 869 2761 suciamus,
886 2699 969 2769 quae
984 2685 1176 2748 vertuntur
1192 2676 1231 2746 io
1248 2677 1357 2747 scele-

304 2803 464 2864 ratorum
480 2795 606 2885 poenis,
624 2817 783 2888 quasque
798 2793 881 2865 ideo
898 2792 1080 2863 neminem
1099 2792 1258 2863 misereri
1274 2815 1358 2863 con·

305 2907 402 3002 tigit,
414 2907 478 2977 vix
493 2929 604 2978 unam
621 2918 659 2978 et
671 2910 820 2978 alteram
837 2907 1073 2990 inveniemus,
1083 2906 1235 3001 Ajacem
1251 2907 1358 2977 nimi·

305 3045 387 3092 rum
404 3031 442 3093 et
458 3022 674 3104 Phoeuissas,
691 3031 756 3092 eut
768 3021 930 3114 AEschyli
945 3023 1202 3093 Prometheum
1219 3031 1258 3092 et
1270 3021 1360 3092 Per-

305 3159 374 3225 sas,
390 3159 472 3230 quae
490 3138 558 3206 hoc
574 3135 612 3206 in
629 3158 780 3206 numero
797 3146 881 3207 sunt
897 3137 1082 3207 habendae.
1133 3137 1358 3207 Caeterarum

305 3250 527 3322 calamitates
544 3273 592 3321 ex
609 3249 735 3321 fraude
752 3258 817 3320 aut
829 3249 967 3320 insidiis
979 3260 1043 3321 sut
1055 3249 1093 3319 vi
1104 3249 1357 3341 potentiorum,

305 3376 369 3437 aut
385 3365 578 3459 iniquitate
595 3373 810 3456 temporum,
823 3375 888 3436 aut
903 3365 979 3436 feto
995 3364 1150 3457 denique
1166 3374 1303 3436 aetemo
1318 3373 1358 3437 et

305 3480 396 3551 dura
412 3480 622 3553 necessitate
638 3479 815 3552 oriuntur.
848 3481 979 3573 Neque
991 3481 1101 3550 ullam
1115 3501 1200 3551 sane
1216 3481 1357 3564 harum,

304 3617 393 3687 quas
410 3595 516 3667 modo
533 3595 739 3681 memoravi,
756 3595 846 3666 sdeo
863 3596 911 3665 ad
926 3595 1087 3690 regulam
1108 3593 1231 3690 exegit
1247 3593 1358 3686 scrip-

304 3719 373 3796 tor,
390 3725 432 3782 ut
448 3734 496 3783 ex
512 3705 623 3804 eulpa
640 3711 715 3783 sola
732 3709 913 3782 miseriam
929 3709 968 3780 in
985 3732 1024 3780 se
1041 3709 1119 3804 quis
1140 3712 1285 3782 trahere
1301 3709 1357 3781 di-

304 3834 399 3898 serte
415 3833 642 3896 monstretur.

355 3940 531 4034 Regulam
545 3947 667 4012 tamen
679 3938 806 4031 ipsam,
818 3945 862 4009 ut
871 3934 1141 4034 quaepptimam
1152 3959 1226 4008 non
1238 3930 1354 4007 solam

799 4069 825 4122 ο
841 4057 867 4123 4
