3559 5575
356 201 791 266 Pnuxx.
1028 202 1157 266 DE
1201 200 1817 266 AFFECTIBUS.
2340 199 2490 267 263.

353 385 676 468 tempore
734 373 1060 467 subjecta
1116 382 1359 444 mente
1418 371 1797 463 complecti
1856 376 2263 467 possumus)
2319 396 2471 444 cor-

350 489 714 581 rumpitur
737 498 985 559 tamen
1020 487 1386 559 interdum
1421 510 1662 560 rerum
1697 489 2187 558 luctuosarum
2225 488 2469 559 multi-

350 604 627 686 tudine,
656 602 884 698 magis
909 612 1102 675 certe
1129 603 1205 673 in
1241 612 1573 695 poemate
1599 602 2000 672 cavendum
2036 612 2169 685 est,
2195 626 2288 673 ne
2311 602 2469 673 isti-

352 717 637 790 usmodi
669 741 908 789 errore
941 727 1358 800 teneamur;
1405 716 1744 811 quoniam
1784 716 1898 786 hic
1932 717 2211 812 sejungi
2247 726 2466 809 atque

356 834 671 926 separari
703 844 944 926 partes
976 833 1133 924 ipsa
1163 833 1267 904 rei
1301 843 1565 904 natura
1597 833 1934 924 postulat,
1969 855 2229 926 easque
2270 842 2467 904 certo

359 949 611 1020 ordine
644 971 730 1018 ac
764 948 945 1018 serie
985 947 1362 1050 dispositas
1406 970 1552 1018 non
1595 970 1742 1018 uno
1789 947 1992 1040 quasi
2037 949 2294 1018 obtutu
2343 949 2467 1018 ob-

363 1062 634 1134 versari
657 1063 945 1133 animo.
1047 1062 1263 1133 Unde
1307 1062 1392 1133 fit
1430 1073 1513 1133 ut
1562 1085 1700 1133 non
1748 1063 1962 1132 modo
2005 1084 2469 1153 personarum

363 1201 664 1249 numero
698 1178 1092 1259 turbemur,
1118 1177 1240 1247 sed
1277 1177 1501 1247 altero
1533 1199 1761 1269 usque
1794 1176 1872 1246 in
1907 1177 2200 1247 alterius
2232 1179 2473 1248 locum

360 1293 685 1374 suffecto,
732 1291 926 1384 quod
974 1290 1194 1383 priori
1244 1290 1524 1362 dederis
1572 1290 1650 1360 id
1699 1290 2070 1382 proximus
2120 1290 2280 1383 quis
2329 1291 2472 1362 cito

359 1405 680 1497 arripiat.

461 1522 785 1593 Revocet
819 1521 1031 1592 modo
1075 1520 1336 1614 aliquis
1385 1522 1462 1590 in
1509 1521 1927 1592 memoriam
1979 1522 2230 1612 proelia
2277 1524 2470 1615 apud

360 1659 677 1707 summos
720 1645 967 1728 poetas
1002 1635 1381 1727 descripta,
1416 1635 1803 1730 Virgilium
1840 1635 1999 1705 dico
2032 1647 2161 1705 aut
2198 1636 2469 1708 Home-

361 1775 549 1823 rum.
627 1753 1059 1845 Quanquam
1096 1752 1473 1822 vulnerum
1510 1762 1584 1822 et
1615 1750 1748 1821 leti
1780 1750 2089 1821 varietas
2122 1750 2216 1822 sit
2250 1776 2471 1845 prope

363 1866 667 1949 infinita,
701 1877 776 1938 et
808 1866 882 1936 in
921 1865 1345 1958 quibusdam
1394 1865 1712 1935 maxima
1744 1865 1854 1935 vis
1899 1865 2164 1936 doloris
2205 1866 2475 1961 signifi-

365 1993 591 2065 cetur,
645 2005 857 2053 nemo
906 1991 1150 2052 tamen
1205 1981 1299 2051 ad
1350 1982 1478 2051 has
1521 1991 1760 2073 partes
1812 2004 1887 2051 se
1937 1981 2280 2067 conferet,
2329 2006 2473 2076 quo

366 2098 728 2192 egregiam
762 2121 916 2169 esse
950 2093 1312 2189 scriptoris
1347 2097 1764 2168 facultatem
1800 2097 2095 2167 edoceat
2124 2096 2200 2167 in
2238 2098 2472 2169 conci-

364 2213 605 2284 tandis
657 2214 1053 2296 affectibus,
1101 2212 1501 2304 praesertim
1554 2211 1642 2281 iis
1694 2211 1820 2305 qui
1871 2211 1965 2282 ad
2001 2213 2354 2304 lacrymas
2400 2222 2474 2285 et

363 2328 738 2426 lenitatem
774 2338 1021 2424 agunt.
1100 2328 1299 2410 Quid
1330 2327 1689 2397 Didonem
1724 2327 1993 2410 statim,
2028 2338 2156 2398 aut
2188 2327 2476 2399 Andro-

368 2446 666 2515 machen
704 2455 832 2515 aut
860 2444 1232 2515 Priamum
1267 2442 1676 2535 appellabit,
1705 2466 2008 2535 quorum
2043 2445 2256 2535 plena
2289 2444 2474 2516 scili-

366 2569 483 2630 cet
509 2570 843 2630 narratur
874 2560 1187 2641 fortuna,
1204 2559 1407 2652 justo
1438 2580 1678 2628 rerum
1705 2580 1792 2627 ac
1816 2558 2329 2629 sententiarum
2358 2583 2476 2630 co-

366 2672 625 2745 mitatu
649 2674 1023 2756 instructa,
1045 2673 1355 2765 locisque
1373 2672 1482 2742 ita
1499 2671 1842 2763 expositis
1862 2681 1937 2743 et
1957 2673 2243 2765 apertis,
2260 2683 2344 2744 ut
2364 2673 2475 2744 in-

366 2791 660 2862 teriores
686 2791 844 2861 illos
864 2800 940 2860 et
962 2789 1255 2860 subtiles
1275 2788 1789 2884 cogitationum
1811 2788 2065 2877 flexuS,
2084 2814 2261 2883 quos
2281 2814 2476 2862 com-

367 2906 606 2976 munis
640 2929 781 2976 non
819 2904 1012 2997 capit
1047 2903 1363 2987 historia,
1399 2903 1725 2997 persequi
1759 2914 2090 2976 accurate
2128 2904 2372 2995 possis.

468 3020 596 3090 Sin
651 3030 893 3090 autem
952 3019 1286 3091 disertius
1336 3020 1573 3111 adhuc
1622 3019 1782 3112 quis
1824 3019 1999 3089 velit
2038 3022 2474 3111 exemplum,

369 3157 515 3227 quo
547 3135 913 3205 confusam
947 3154 1185 3205 rerum
1222 3143 1439 3226 atque
1472 3133 1848 3205 hominum
1881 3133 2167 3205 turbam
2203 3135 2475 3205 affecti-

368 3250 501 3320 bus
540 3249 1057 3341 impedimento
1101 3272 1255 3320 esse
1299 3249 1821 3340 comprobetur,
1856 3246 2174 3337 profecto
2206 3246 2478 3320 Lucre-

367 3365 641 3436 tianam
677 3365 898 3457 pestis
934 3365 1122 3436 illius
1156 3362 1621 3435 Atheniensis
1656 3360 2206 3453 descriptionem
2240 3363 2474 3450 adeat,

368 3504 512 3573 qua
543 3481 885 3551 nimirum
922 3504 1244 3551 summus
1277 3490 1488 3572 poeta
1524 3478 1994 3550 miserrimam
2030 3501 2311 3575 magnae
2357 3506 2476 3552 ur-

365 3597 477 3667 bis
511 3595 1019 3681 conditionem,
1054 3595 1471 3688 simpliciter
1504 3619 1632 3666 suo
1677 3618 1896 3678 more,
1932 3604 2008 3666 at
2042 3619 2250 3669 versu
2303 3599 2475 3670 satis

368 3711 684 3805 eleganti
717 3711 1070 3803 depinxit.
1175 3712 1499 3804 Ecquem
1551 3720 1794 3783 autem
1847 3734 2274 3806 magnopere
2326 3738 2476 3786 mo-

368 3831 543 3897 v'ent
575 3826 698 3899 illa
732 3826 1196 3921 quantumvis
1229 3827 1519 3899 tristia?

550 3965 861 4029 Praeterea
878 3964 1015 4050 jam
1045 3979 1280 4051 pastor,
1311 3978 1375 4028 et
1401 3963 1813 4028 armentarius
1839 3965 2062 4039 omnis,

547 4067 639 4148 Et
667 4066 968 4130 robustus
995 4066 1142 4130 item
1174 4066 1349 4131 curvi
1381 4066 1733 4131 moderator
1760 4067 1972 4145 aratri,

1379 4175 1497 4239 s4
