3559 5575
468 816 1188 901 PRAELECTIO
1261 816 1733 903 DECIMA
1806 817 2353 903 SEPTIMA.

360 1118 701 1185 Notaretur
728 1120 892 1184 vitia
930 1119 1338 1207 Scriptorum
1377 1140 1520 1207 quoe
1555 1121 1840 1207 Affldu
1874 1122 2183 1208 inpedire
2220 1123 2467 1194 sulen,-

450 1223 583 1288 viz.
655 1224 802 1287 1¹³⁰.
845 1222 2037 1310 Virtam-speciesfldeomznaey‘or.
2108 1223 2471 1288 vam-dn

442 1324 1796 1411 nimiseteorffidamiserioedamiptio.
1882 1322 2473 1390 adalham-na-

439 1425 1983 1513 modmnautatmautdqbtwespoetaoelun.
2037 1426 2472 1491 mma-tis

439 1530 1388 1619 improbitas,—autimpietaae.

1190 1778 1619 1829 *-

359 1976 541 2076 DE
579 2005 772 2077 vitiis
820 2004 1246 2100 quibusdam
1299 2005 1488 2075 male
1536 2004 2006 2075 scribentium
2052 2005 2271 2076 hodie
2319 2006 2473 2078 dic·

362 2131 591 2203 turuS,
624 2142 792 2214 quae
825 2120 1124 2191 affectus
1153 2120 1501 2213 languere
1530 2118 1811 2190 faciunt
1845 2128 2065 2211 atque
2107 2143 2156 2190 a
2198 2119 2474 2192 miseri·

359 2234 605 2308 cordia
652 2234 1009 2318 recedere,
1059 2236 1151 2305 ab
1200 2256 1287 2304 eo
1340 2232 1766 2305 ordiendum
1816 2233 2021 2317 duxi,
2066 2234 2260 2328 quod
2304 2260 2473 2309 cum

357 2352 560 2445 prius
595 2348 806 2423 dictis
839 2352 1153 2423 cohaeret
1187 2348 1481 2443 optime,
1513 2359 1590 2421 et
1621 2349 1699 2420 in
1732 2350 1988 2421 eodem
2020 2350 2171 2424 fere
2204 2376 2472 2449 genere

357 2467 788 2561 scriptorum
847 2464 1183 2537 cernitur.
1289 2464 1485 2536 Illud
1532 2464 1726 2537 enim
1777 2476 2013 2559 poetae
2065 2469 2467 2541 cavendum

346 2587 503 2679 jam
554 2583 832 2677 pridem
885 2580 1065 2666 dixi,
1096 2581 1413 2674 primum
1455 2604 1549 2654 ne
1584 2583 1817 2654 verbis
1862 2594 1991 2655 aut
2030 2584 2467 2681 imaginibus

356 2699 675 2771 luxuriet
700 2698 913 2771 nimis
936 2724 955 2782 ;
989 2698 1272 2788 deinde,
1297 2722 1391 2770 ne
1424 2699 1600 2794 quid
1631 2698 1917 2772 ridiculi
1950 2701 2310 2786 adhibeat,
2338 2714 2466 2776 aut

358 2818 552 2911 quod
595 2817 804 2888 facile
848 2817 923 2887 in
970 2816 1352 2888 ridiculum
1405 2816 1599 2888 trahi
1647 2817 1912 2910 powu
1963 2829 2324 2910 postremo
2373 2842 2467 2890 ne

358 2933 661 3006 astutias
690 2933 850 3003 illas
874 2932 1269 3004 Ovidianas
1304 2943 1568 3024 captet,
1593 2955 1777 3003 neve
1810 2933 1916 3004 ita
1948 2957 2062 3005 res
2093 2935 2306 3005 rebus
2339 2944 2470 3006 aut

359 3049 596 3120 verbis
626 3049 848 3118 verba
879 3046 1378 3139 respondeant,
1410 3056 1498 3117 ut
1529 3046 1805 3140 ingenii
1846 3047 1956 3117 sui
2002 3049 2242 3139 potius
2286 3071 2473 3141 prae-

359 3187 616 3238 conem
651 3185 865 3258 agere
896 3160 1249 3245 videatur,
1284 3184 1500 3255 quam
1532 3171 1816 3233 naturae
1848 3162 2337 3255 interpretem.

465 3278 604 3351 His
671 3276 898 3374 igitur
962 3274 1353 3348 finitimum
1411 3285 1522 3347 est
1578 3287 2043 3370 praeceptum,
2099 3278 2291 3371 quod
2349 3303 2473 3351 cu-

359 3395 621 3467 riosam
654 3393 870 3466 nimis
904 3393 1127 3466 etiam
1162 3393 1237 3463 in
1276 3392 1546 3464 virtute
1578 3391 1952 3466 referenda
1996 3393 2466 3470 subtilitatem

362 3521 582 3583 vetat.
682 3510 824 3584 Est
877 3510 1200 3605 profecto
1262 3508 1757 3602 importunum
1816 3510 2179 3604 quoddam
2232 3513 2469 3607 Scrip-

361 3636 599 3698 torum
634 3648 882 3722 genus,
915 3625 1110 3721 quod
1152 3625 1228 3697 in
1275 3625 1536 3698 nostris
1585 3626 2026 3721 temporibus
2079 3629 2467 3702 admodum

360 3741 620 3837 viguit,
679 3751 756 3813 et
807 3740 885 3812 in
952 3741 1222 3813 deliciis
1281 3743 1498 3838 vulgo
1555 3764 1602 3812 a
1657 3741 2051 3815 semidocta
2101 3744 2470 3837 plebecula

360 3858 691 3941 habetur,
725 3857 853 3951 qui
884 3881 1114 3930 mores
1148 3857 1545 3941 hominum,
1578 3858 1980 3952 praesertim
2026 3858 2470 3943 miserorum,

362 3973 545 4045 adeo
594 3972 902 4044 delicata
950 3997 1166 4046 manu
1217 3975 1671 4058 adumbrant,
1711 3984 1800 4047 ut
1842 3973 2131 4046 nativus
2175 3974 2297 4043 ille
2330 3970 2473 4041 vir-

361 4090 542 4164 tutis
593 4114 846 4164 succus
895 4099 971 4163 et
1014 4092 1207 4164 color
1249 4090 1545 4164 omnino
1594 4089 1824 4171 absit;
1873 4091 2078 4182 cujus
2122 4087 2200 4159 in
2234 4087 2470 4159 locum

1395 4224 1453 4282 Q
