3559 5575
512 200 576 264 108
889 195 1012 261 PARS
1034 194 1196 260 PRIMA
1336 197 1451 260 Pur„
1469 196 1591 261 vm.

511 372 616 465 cipue
641 370 687 441 ad
710 391 786 440 rem
809 369 913 463 facit)
930 369 1076 462 quaudo
1099 368 1146 440 ad
1167 367 1345 461 praeteriti
1360 379 1398 439 et
1415 369 1591 442 rudioris

511 488 581 560 aevi
597 485 751 582 effigiem
768 495 1019 557 convertamus
1036 485 1167 555 oculos.
1201 483 1308 555 Adeo
1323 484 1590 579 unusquisque

510 603 587 675 fere
615 602 663 674 ad
687 600 915 694 antiquitatis
943 599 1113 693 reliquias
1141 599 1319 671 desiderio
1344 601 1513 693 quodam
1545 613 1588 672 et

512 717 719 810 nescioquo
736 716 859 789 nativo
876 715 996 787 studio
1012 715 1190 787 trahitur:

1077 895 1211 984 Singula
1224 895 1318 961 lactus

599 999 814 1090 Exquiritque
828 998 982 1086 auditque
997 997 1101 1063 virum
1116 998 1309 1063 monimenta
1322 997 1478 1085 priorum.

562 1181 692 1256 Deciso
707 1181 820 1276 igitur
836 1178 935 1251 omni
950 1181 1020 1250 hoc
1033 1178 1193 1250 Poeticae
1209 1179 1297 1250 artis
1314 1178 1578 1260 instrumento,

512 1301 639 1392 utpote
655 1297 753 1392 quod
764 1297 811 1367 ad
821 1295 1032 1367 Affectuum
1044 1305 1082 1366 et
1093 1293 1300 1366 Phantasiae
1316 1304 1438 1386 partes
1455 1297 1579 1392 magis

512 1413 702 1506 pertineat,
716 1410 881 1483 materies
899 1419 1022 1482 tamen
1038 1408 1163 1481 relicta
1180 1409 1250 1480 erit
1262 1407 1349 1479 satis
1360 1410 1474 1502 larga,
1487 1433 1577 1502 quae

513 1551 586 1598 non
603 1528 673 1598 nisi
688 1527 748 1597 hic
763 1526 832 1596 loci
848 1535 946 1597 recte
963 1525 1112 1597 tractari
1134 1533 1263 1617 potest.
1314 1523 1466 1595 Etenim
1493 1525 1578 1596 ubi-

513 1665 655 1735 cunque
671 1664 719 1712 ex
735 1641 841 1712 docta
857 1653 896 1712 et
911 1640 1099 1734 perspicua
1113 1639 1316 1712 imitatione
1331 1641 1412 1731 plus
1435 1639 1485 1709 ad
1511 1640 1578 1711 de-

513 1757 719 1830 lectandum
740 1758 865 1841 oritur,
882 1781 992 1850 quam
1015 1781 1063 1829 ex
1087 1757 1141 1828 rei
1165 1755 1277 1848 ipsius
1301 1765 1434 1827 natura
1458 1778 1574 1849 quam

514 1872 582 1945 sibi
606 1874 757 1966 scriptor
781 1872 893 1944 sumit
916 1870 1142 1956 imitandam,
1165 1873 1204 1942 id
1230 1893 1346 1954 omne,
1371 1871 1512 1963 opinor,
1532 1873 1571 1943 in

514 1991 608 2062 hanc
632 1988 835 2086 argumenti
860 1998 1001 2081 partem
1021 1988 1130 2061 cadit.
1181 1988 1310 2082 Neque
1335 2009 1420 2058 sane
1441 1987 1572 2084 religio

514 2107 594 2192 erit,
612 2129 683 2201 quo
702 2106 819 2178 minua
836 2104 880 2176 iis
901 2114 986 2176 utar
1008 2103 1194 2197 exemplis,
1211 2126 1295 2197 quae
1318 2113 1436 2174 motus
1461 2105 1570 2175 affac-

513 2232 645 2318 tusque
670 2221 782 2294 animi
807 2220 991 2292 universos
1015 2219 1233 2313 exprimant,
1253 2219 1360 2290 modo
1380 2217 1454 2290 sint
1475 2221 1571 2313 ejus-

515 2339 624 2421 modi,
640 2349 683 2410 ut
700 2337 882 2433 egregiam
902 2359 979 2409 esse
1002 2336 1155 2407 doceant
1171 2334 1363 2406 imitatoris
1385 2344 1514 2420 artem,
1531 2346 1569 2407 et

514 2453 703 2545 praeceptis
728 2475 810 2546 quae
834 2453 872 2521 in
899 2454 967 2523 hac
991 2462 1094 2544 parte
1117 2460 1202 2522 sunt
1218 2450 1395 2522 tradenda
1411 2450 1568 2522 subsidio

514 2589 591 2639 esse
607 2566 753 2659 possint.
796 2566 943 2649 Quanto
959 2576 1081 2639 autem
1098 2567 1247 2638 interae
1264 2566 1478 2639 commercio
1492 2589 1569 2638 om-

514 2679 578 2752 nia
599 2680 836 2752 institutionis
860 2684 1009 2777 hujusce
1033 2684 1226 2776 conjuncta
1248 2681 1321 2752 sint
1342 2692 1382 2753 et
1401 2681 1569 2776 colligata

515 2797 645 2890 capita,
662 2820 734 2869 non
751 2821 839 2890 opus
856 2808 970 2870 estut
986 2798 1120 2870 iterum
1135 2822 1199 2869 vos
1216 2821 1402 2870 moneam:
1432 2809 1472 2870 et
1486 2820 1569 2890 pro-

514 2914 609 2988 fecto
625 2937 685 2985 me
700 2937 824 2987 eorum
841 2916 938 3007 apud
954 2938 1043 3009 quos
1060 2937 1165 3011 agam
1182 2917 1287 3007 plane
1303 2915 1470 3010 ignarum
1490 2938 1567 2986 esse

515 3054 715 3128 arguerem,
730 3031 761 3103 si
777 3033 850 3104 ullo
869 3040 968 3103 metu
990 3053 1171 3124 premerer
1192 3054 1239 3102 ne
1263 3030 1382 3124 aliqua
1407 3030 1446 3101 in
1471 3030 1567 3122 prin-

514 3148 616 3242 cipiis
633 3147 854 3241 explicandis
871 3147 1073 3239 postuletur
1088 3143 1246 3242 ἀκρίβεια,
1258 3168 1369 3239 quam
1386 3145 1441 3217 rei
1456 3145 1565 3238 ipsius

514 3274 646 3335 natura
661 3264 707 3335 de
723 3285 794 3356 qua
811 3260 1006 3355 inquiritur
1022 3261 1061 3332 in
1078 3284 1116 3331 se
1133 3283 1204 3331 nou
1223 3261 1361 3353 recipit.

564 3379 590 3448 J
591 3401 649 3449 am
668 3402 763 3464 vero,
778 3390 821 3449 ut
837 3378 1023 3450 videamus
1043 3400 1127 3470 quae
1149 3376 1198 3448 sit
1222 3399 1332 3448 merae
1355 3372 1564 3447 imitationis

516 3492 571 3563 vis
587 3494 634 3563 ad
650 3493 913 3576 delectandum,
930 3492 1105 3586 principio
1122 3493 1342 3565 observanda
1358 3492 1464 3564 estin
1481 3514 1565 3584 quo-

516 3606 661 3679 tidianis
679 3607 765 3677 vitae
791 3607 948 3679 moribus
972 3607 1179 3693 referendis,
1196 3608 1259 3678 ubi
1280 3609 1371 3680 nihil
1396 3618 1452 3679 cst
1471 3607 1564 3699 quod

516 3720 633 3793 autin
651 3721 925 3795 admirationem
937 3734 1003 3796 aut
1015 3722 1292 3795 misericordiam
1305 3725 1475 3795 lectorem
1487 3746 1565 3814 pro-

515 3848 629 3909 vocet.
680 3837 788 3920 Quod
811 3860 926 3933 genus
951 3848 994 3910 ut
1018 3838 1056 3909 in
1084 3838 1275 3910 Comoediis
1301 3838 1482 3931 praecipue
1504 3839 1563 3910 ob·

516 3954 620 4038 tinet,
632 3955 686 4027 ita
697 3964 735 4027 et
746 3954 785 4025 in
799 3955 938 4027 caeteris
950 3977 1208 4048 nonnunquam
1225 3954 1349 4026 formis
1366 3953 1560 4037 adhibetur,

516 4071 591 4144 sire
607 4070 758 4145 ornandi
775 4072 903 4167 gratia,
916 4071 990 4143 sive
1006 4081 1049 4143 ut
1061 4069 1283 4166 gravioribus
1293 4068 1449 4163 negotiis
1463 4076 1561 4163 grata
