3559 5575
656 717 1013 802 PRAELECTIO
1052 714 1422 799 DUODECIMA.

511 1001 562 1064 Do
580 1001 700 1064 Laetos
720 999 908 1062 imitatiorw.
952 997 1064 1083 Signa
1085 993 1231 1082 quodam
1253 995 1412 1081 inperitis
1431 996 1564 1082 scripto.

554 1104 645 1167 ribus
673 1104 780 1166 minus
809 1109 1040 1185 notanjtupor
1064 1107 1096 1161 et
1119 1097 1563 1162 memnonem
1700 1116 1701 1123 ¹

554 1205 720 1268 increatio.
751 1202 937 1266 Absentiam
951 1199 1101 1286 quicquid
1114 1197 1278 1285 proprium
1279 1199 1408 1283 Μ,
1418 1219 1485 1262 non
1499 1200 1565 1262 vir.

555 1313 608 1368 un
633 1305 733 1383 modo,
757 1301 1169 1367 castrentur-Promitte
1190 1302 1299 1386 potius
1324 1299 1447 1364 hdores
1469 1321 1563 1387 puram
1700 1326 1701 1379 3

549 1407 679 1495 gandia
701 1415 896 1470 mortuorum
915 1405 1071 1491 respicere
1082 1405 1198 1489 juvat,
1218 1424 1353 1490 quonam
1372 1403 1438 1489 ipsi
1456 1405 1565 1490 parti-

553 1509 638 1593 cipes
648 1507 831 1592 fuerimus.
876 1505 1155 1591 Perstringuntnr
1168 1504 1250 1567 vitia
1264 1503 1409 1590 qondam
1424 1514 1565 1567 veterum

550 1617 727 1695 poetarum.
756 1608 869 1672 Sermo
881 1607 1075 1672 vehementer
1083 1605 1565 1692 dolerrtinmmttaphorisndun-
1700 1602 1701 1629 ¹

552 1709 748 1774 dat—etiam
761 1709 901 1774 ludentis
912 1711 1045 1797 speeiem
1058 1708 1232 1796 elipando
1238 1709 1377 1797 proedet.

930 1957 1144 2007 ...4-

514 2131 604 2232 EX
622 2185 693 2256 quo
713 2161 870 2255 primum
893 2159 931 2229 in
954 2160 1048 2230 hanc
1070 2158 1276 2253 argumenti
1297 2167 1438 2252 partem
1459 2159 1565 2234 deve·

512 2278 631 2348 nimus
656 2277 848 2370 praecipuae
874 2298 970 2348 ourae
995 2273 1066 2345 fuit
1086 2274 1286 2368 providere,
1308 2298 1356 2346 ne
1377 2275 1519 2371 integra
1543 2301 1566 2349 a

512 2392 614 2463 nobis
641 2392 687 2465 de
712 2392 899 2462 affectibus
923 2390 1090 2462 humanis
1120 2389 1309 2484 disciplina
1333 2402 1564 2484 expectetur;
1700 2380 1701 2395 ¹

512 2529 629 2599 neque
654 2515 696 2576 ut
720 2507 869 2578 affectus
895 2505 1054 2600 singulos
1078 2516 1177 2578 recto
1205 2505 1331 2578 ordine
1359 2529 1566 2598 percurrere

513 2621 718 2693 videamur:
737 2645 819 2692 cum
835 2621 927 2692 illud
944 2631 1087 2693 tantum
1098 2623 1179 2716 jam
1195 2620 1280 2693 inde
1296 2645 1319 2692 a
1336 2621 1511 2715 principio
1527 2623 1567 2694 in

513 2737 633 2809 animo
649 2736 769 2821 fuerit,
788 2737 956 2831 primum,
973 2748 1015 2810 ut
1032 2739 1139 2834 hujus
1156 2737 1209 2811 rei
1225 2737 1300 2809 rim
1317 2737 1569 2833 significarem,

513 2863 649 2948 quanta
665 2865 778 2937 esset;
803 2855 945 2937 deinde,
962 2865 1004 2927 ut
1021 2855 1065 2925 iis
1082 2866 1202 2927 uterer
1218 2856 1404 2949 exemplis,
1420 2878 1504 2949 quae
1529 2867 1568 2927 et

513 2971 603 3043 vitia
619 2974 712 3043 male
729 2972 942 3064 scriptorum
959 2984 1162 3066 arguerent,
1177 2982 1215 3043 et
1227 2972 1380 3044 virtutes
1392 2973 1568 3066 quasdam

514 3089 714 3161 subtiliores
739 3099 777 3159 et
802 3089 921 3159 minus
950 3086 1123 3183 cognitas,
1143 3087 1349 3183 juventutis
1375 3111 1495 3171 eausa,
1520 3087 1568 3158 nd

513 3204 729 3275 imitandum
746 3204 1047 3276 commendarent.

565 3322 658 3402 Quae
674 3344 758 3392 vero
776 3322 942 3413 exempla
958 3343 1041 3391 cum
1054 3317 1260 3391 Aristotelis
1276 3317 1467 3413 praeceptis
1483 3341 1570 3389 cou-

513 3434 606 3505 ferre
623 3435 739 3506 visum
756 3444 822 3517 est,
835 3435 881 3505 ad
895 3434 964 3505 Irae
976 3444 1014 3506 et
1023 3433 1207 3507 Vindiotae
1219 3445 1338 3527 partes
1354 3435 1429 3506 fere
1446 3434 1570 3505 omnia

514 3550 750 3643 pertinebant.
795 3538 839 3619 In
856 3550 986 3643 quibus
1002 3551 1255 3645 persequendis
1271 3574 1477 3646 quanquam
1494 3561 1569 3639 tra-

515 3666 591 3737 dita
617 3676 701 3736 sunt
723 3667 894 3737 nonnulla
918 3690 1001 3761 quae
1026 3668 1073 3738 ad
1099 3668 1254 3761 reliquos
1281 3666 1392 3739 animi
1416 3668 1569 3739 affectus

513 3780 699 3877 transferri
721 3781 911 3873 oportebit,
928 3792 1012 3854 sunt
1028 3793 1152 3854 tamen
1176 3794 1213 3855 et
1229 3783 1285 3854 his
1307 3782 1451 3876 propria
1469 3806 1571 3876 quae·

514 3898 599 3970 darn
621 3908 812 3991 praecepta,
829 3921 912 3991 quae
928 3922 1000 3970 non
1019 3899 1089 3971 nisi
1104 3922 1262 3971 seorsum
1278 3910 1377 3971 recte
1395 3899 1570 3991 explicari

516 4026 675 4107 possunt.
728 4013 784 4086 Re
809 4015 922 4111 igitur
947 4024 1025 4087 tota
1049 4028 1225 4109 quantum
1256 4026 1381 4107 potero
1411 4015 1571 4087 breviter
