3559 5575
205 527 320 592 Pnnn.
338 525 377 590 V.
539 524 604 592 DE
628 524 928 595 IMl'l'ATlONR
1222 526 1264 593 61

296 697 377 784 Xupl
392 695 491 779 λαβὸν
504 699 651 784 ἀραρυῖαν,
667 700 711 776 to·
726 697 829 764 ἵπποιϊν
843 697 989 784 ἀνόροοσιν

295 797 472 882 Αὐτομέδων·
495 797 583 864 drudus
598 800 625 863 li
641 799 841 888 κορυσσόμενος
854 801 893 880 βῆ
906 799 1066 887 Ἀχιλλπὺς

294 903 422 990 Τιῦχιοι
437 901 621 987 παμφαίνων,
637 900 704 967 ὥστ’
720 901 845 988 ἤλέιιτοορ
860 900 987 988 duplas.

964 1004 1082 1070 Inrau.
1095 1009 1134 1070 Τ.
1149 1007 1225 1078 892.

262 1179 370 1263 Quod
395 1179 426 1252 si
451 1179 531 1274 quis
554 1179 777 1272 voluptatem
803 1178 936 1251 exinde
958 1178 1043 1251 oriri
1063 1178 1269 1269 arbitretur,

210 1296 299 1390 quia
324 1296 503 1389 picturam
529 1292 588 1364 hic
611 1294 746 1388 optime
771 1296 990 1367 elaboratam
1012 1296 1209 1380 intueatur,
1231 1306 1270 1369 et

211 1411 373 1506 singulas
397 1421 518 1503 partes
543 1420 685 1481 noturae
701 1411 954 1484 convenientes
970 1422 1153 1506 agnoscat,
1170 1435 1272 1508 mag-

211 1551 347 1622 nopere
372 1549 457 1598 eum
482 1524 560 1597 falli
582 1525 762 1598 existimo.
815 1527 936 1621 Major
951 1527 1085 1620 quippe
1100 1538 1140 1600 et
1157 1528 1273 1600 acrior

212 1645 274 1717 hic
290 1643 444 1739 erigitur
460 1665 594 1726 sensns,
612 1664 722 1736 quam
743 1642 806 1735 qui
831 1644 908 1714 sola
927 1641 1131 1714 imitatione
1155 1643 1274 1716 conoi-

212 1761 285 1834 tari
301 1759 424 1854 possit,
441 1761 556 1855 cnjus,
572 1768 615 1831 ut
632 1767 717 1830 ante
734 1758 873 1831 dictrrm
893 1768 961 1847 est,
976 1757 1092 1830 lenior
1106 1759 1273 1855 quedam

213 1888 270 1950 est
290 1878 455 1970 voluptas
480 1885 519 1948 et
543 1873 780 1970 tranquillior.
833 1875 964 1971 Neque
988 1875 1087 1946 enim
1111 1874 1182 1947 nisi
1205 1876 1273 1947 im-

211 1995 395 2090 pendente
412 2016 543 2090 magna
560 1993 680 2086 aliqua
692 2015 742 2077 re,
755 1994 835 2064 haec
852 1992 1076 2088 singulorum
1088 1993 1273 2067 distinctio

212 2111 397 2206 propriam
414 2108 488 2179 vim
506 2109 626 2181 habet.
659 2108 814 2191 Quando
831 2120 954 2180 autem
972 2109 1019 2180 ad
1036 2110 1274 2203 exspectatio-

214 2249 299 2297 nem
317 2223 499 2319 quandam
525 2224 751 2318 provocanda
774 2233 829 2294 est
850 2247 964 2307 mens,
982 2226 1111 2296 autad
1135 2225 1275 2320 magni·

215 2341 383 2412 tudinem
408 2339 636 2411 adventantis
661 2337 714 2410 rei
734 2338 844 2434 digne
867 2339 1151 2434 concipiendam,
1169 2343 1276 2414 docet

215 2456 296 2549 ipsa
312 2463 444 2526 natura
460 2463 502 2524 ut
518 2455 597 2524 haec
612 2452 928 2524 comminiscamur
943 2454 1108 2540 artificia,
1120 2465 1159 2526 et
1174 2455 1278 2548 quasi

218 2569 332 2664 signis
349 2567 564 2662 quibusdam
586 2567 816 2662 ingruentem
836 2569 1006 2659 hyemem
1023 2579 1278 2641 commonstre-

218 2707 312 2756 mus.
365 2682 498 2754 Nonne
517 2681 628 2754 etiam
652 2681 691 2751 in
713 2679 814 2776 vulgi
836 2681 978 2754 circulis
1001 2694 1038 2756 et
1061 2684 1279 2780 congressio-

218 2803 325 2875 nibus
348 2799 513 2873 videmus
538 2821 599 2870 eos
623 2796 686 2894 qui
710 2797 849 2870 facinus
877 2799 1022 2896 aliquod
1046 2799 1187 2899 insigne
1213 2813 1277 2875 ant

220 2928 429 3013 portentum
442 2925 602 2999 narrant,
613 2925 655 2987 ut
672 2939 749 2987 rem
766 2916 986 3010 praecipuam
1004 2918 1132 2991 callide
1145 2922 1276 3006 velent,

220 3046 264 3107 ut
280 3058 397 3107 moras
421 3042 581 3117 nectant,
598 3042 639 3105 ut
656 3043 828 3105 eventum
851 3034 1060 3122 distineant,
1077 3046 1120 3107 nt
1136 3036 1279 3132 singula

222 3152 281 3222 vel
304 3151 455 3223 minima
479 3150 578 3244 prius
602 3158 813 3222 recenseant
829 3173 939 3244 quam
962 3151 1010 3222 ad
1030 3151 1204 3225 interiora
1225 3152 1280 3223 rei

221 3266 525 3363 progrediantur?
556 3266 685 3361 Neque
711 3266 752 3336 id
778 3266 986 3337 auditorum
1015 3266 1198 3360 impendio
1227 3267 1281 3339 fa-

222 3384 346 3465 ciunt3
372 3381 460 3476 quin
478 3382 547 3452 hoc
563 3379 640 3473 ipso
658 3382 773 3451 multo
789 3378 1002 3452 intentiores
1018 3381 1180 3452 omnium
1206 3382 1282 3452 ani·

223 3500 277 3572 mi
292 3500 386 3569 liunt
403 3507 441 3569 et
458 3496 659 3567 erectiores.

275 3614 380 3686 Mille
396 3636 444 3685 ex
456 3608 611 3707 Virgilio
627 3611 707 3682 loca
723 3610 856 3682 adferri
871 3620 1029 3704 possent,
1041 3636 1135 3707 quae,
1152 3622 1195 3685 ut
1212 3634 1281 3684 cae·

225 3742 315 3817 tera,
336 3730 391 3802 ita
415 3731 483 3801 hoc
509 3728 645 3821 optime
669 3725 819 3799 sensisse
845 3748 1027 3799 summum
1054 3739 1196 3823 poetam
1219 3730 1283 3802 do-

225 3858 320 3922 cent.
372 3846 498 3918 AEneae
523 3847 661 3941 legatos
689 3866 763 3916 non
790 3844 860 3915 nisi
888 3845 1079 3941 interjecta
1112 3871 1212 3920 mora
1239 3872 1282 3920 ac

226 3962 339 4037 veluti
362 3987 426 4056 per
442 3963 659 4035 vestibulum
685 3962 732 4033 ad
756 3962 1008 4057 gravissimum
1032 3987 1154 4060 regem
1180 3964 1283 4036 Lati-

226 4102 317 4153 num
334 4078 541 4152 introducit.

707 4212 767 4281 Ille
780 4213 863 4279 inter
875 4226 960 4280 tecta
972 4216 1077 4280 vocari

318 4320 470 4406 imperat,
486 4330 519 4383 et
533 4318 610 4383 solio
623 4316 747 4383 medius
761 4316 903 4383 consedit
916 4316 1012 4383 avito.

318 4421 457 4487 Tectum
471 4432 655 4510 augustum,
670 4419 791 4509 ingens,
806 4434 936 4488 centum
950 4418 1084 4487 sublime
1096 4417 1263 4498 columnis,
