3559 5575
988 82 1117 148 406
1697 84 1940 148 PARS
1987 83 2368 147 TERTIA
2543 84 2775 147 Pur.
2809 83 3108 151 XXXI.

986 258 1123 326 hoc
1149 279 1294 327 uno
1315 256 1538 327 veluti
1564 256 1684 327 filo
1703 266 2013 350 arrepto,
2034 267 2298 328 caetera
2322 257 2475 350 ipse
2498 255 2709 328 facile
2735 258 3108 350 expediat,

986 380 1063 443 et
1082 382 1309 442 totam
1334 370 1536 463 quasi
1560 371 1926 465 regionem
1947 373 2332 464 perlustret
2352 371 2616 442 animo,
2661 372 2912 444 Etiam
2934 375 3111 445 odo-

983 486 1191 557 randi
1218 509 1429 556 sensu
1455 486 1633 557 scite
1658 487 2046 558 admodum
2075 488 2169 558 ad
2194 487 2649 579 phantasiam
2675 488 3106 561 irritandam

984 612 1292 673 utuntur
1318 601 1663 695 Tragoedi
1680 598 1735 672 b.
1798 603 2014 684 Quod
2038 603 2097 674 si
2133 605 2341 694 plura
2373 603 2590 673 simul
2623 605 2874 675 eodem
2901 630 3108 698 spec-

986 727 1145 788 tent
1179 717 1579 811 conjunctis
1613 717 1908 802 viribus,
1941 719 2268 789 fortiores
2300 719 2479 789 fient
2500 721 3105 793 vehementiores-

984 856 1124 926 que
1158 832 1381 902 animi
1415 842 1823 924 conceptus,
1857 833 2068 904 modo
2101 857 2196 904 ex
2230 833 2529 904 diversis
2564 834 2887 906 sensibus
2921 835 3106 907 ima-

983 948 1188 1043 gines
1222 948 1524 1018 diversae
1559 959 1797 1018 ortum
1831 949 2168 1033 habeant,
2202 973 2465 1043 easque
2507 961 2676 1042 apte
2723 950 3103 1042 disponere

988 1076 1197 1158 poeta
1234 1066 1536 1135 noverit.
1590 1063 1820 1158 Cujus
1853 1064 2144 1157 quidem
2179 1066 2284 1135 rei
2312 1065 2440 1135 vix
2473 1065 2810 1136 disertius
2844 1067 3102 1160 aliquis

989 1184 1402 1275 exemplum
1429 1190 1728 1274 quaeret,
1751 1203 1966 1273 quam
2002 1203 2096 1251 ex
2122 1180 2512 1252 Arethusae
2534 1182 2726 1274 apud
2751 1182 3100 1254 Ovidium

984 1299 1251 1380 fabula,
1289 1298 1409 1369 ubi
1446 1297 1812 1388 Nympha,
1846 1296 2214 1388 Alpheum
2249 1320 2460 1367 cursu
2496 1297 2630 1368 sibi
2663 1297 2959 1390 propius
2992 1299 3103 1370 in-

985 1423 1298 1484 stantem
1333 1421 1407 1482 et
1435 1411 1738 1505 vestigia
1760 1413 1917 1505 jam
1943 1413 2100 1505 jam
2135 1422 2583 1503 prementem
2619 1436 2941 1495 narrans,
2966 1408 3100 1482 ad-

960 1524 1258 1619 junctis
1301 1527 1534 1597 utitur
1577 1548 1670 1596 ex
1705 1524 1860 1596 visu
1911 1525 2127 1596 simul
2160 1538 2235 1598 et
2270 1527 2525 1598 auditu
2561 1538 2637 1599 et
2669 1538 2866 1599 tactu
2907 1551 3096 1600 com-

980 1643 1268 1736 paratis.

1160 1780 1267 1844 Sol
1298 1794 1435 1844 erat
1461 1803 1502 1844 a
1529 1797 1743 1868 tergo:
1794 1779 1925 1845 vidi
1955 1780 2309 1869 praecedere
2336 1780 2591 1871 longam

1158 1886 1328 1949 Ante
1354 1882 1548 1971 pedes
1579 1884 1908 1958 umbram;
1957 1885 2073 1949 nisi
2106 1885 2157 1948 si
2189 1885 2374 1950 timor
2400 1886 2509 1951 illa
2537 1887 2827 1952 videbat:

1158 1986 1283 2052 Sed
1314 2000 1481 2051 certe
1511 1984 1847 2072 sonituque
1875 1986 2113 2073 pedum
2144 1988 2463 2062 terrebar;
2511 2003 2577 2053 et
2605 1988 2828 2076 ingens

1158 2089 1442 2154 Crinales
1469 2089 1658 2154 vittas
1683 2087 1962 2152 adflabat
1990 2088 2304 2154 anhelitus
2332 2091 2481 2154 oris·
2573 2092 2770 2156 Mar.
2802 2093 2874 2154 V.
2901 2091 3054 2158 614.

1083 2222 1132 2291 J
1135 2245 1250 2291 am
1287 2246 1456 2293 vero
1501 2245 1594 2293 ne
1638 2222 1711 2291 in
1765 2222 2144 2314 praeceptis
2194 2224 2474 2319 longior
2524 2225 2657 2296 sim
2710 2226 2802 2296 de
2852 2249 3092 2297 rerum

982 2337 1409 2408 terribilium
1461 2361 1547 2408 ac
1596 2337 2082 2433 prodigiorum
2146 2362 2303 2423 usu,
2360 2340 2454 2411 sit
2513 2341 2686 2412 satis
2739 2342 3094 2413 monuisse

980 2452 1163 2521 nihil
1207 2476 1511 2547 usquam
1557 2454 1847 2525 fastidio
1881 2479 2034 2526 esse
2065 2455 2380 2547 propiuS,
2416 2469 2545 2528 aut
2578 2480 2720 2551 quo
2753 2480 3096 2528 verecun-

983 2566 1143 2638 dius
1177 2568 1287 2638 uti
1323 2568 1742 2660 scriptorem
1777 2582 2107 2661 oporteat
2127 2582 2178 2642 ⁰.
2281 2573 2475 2643 Tum
2511 2597 2656 2644 non
2691 2574 2829 2644 alio
2873 2597 3095 2666 quam

984 2684 1263 2755 Lucani
1315 2686 1646 2776 exemplo
1691 2708 1871 2776 opus
1918 2710 2070 2757 esse
2116 2689 2389 2779 opinor,
2424 2701 2509 2762 ut
2543 2690 2902 2784 prohiberi
2934 2692 3095 2784 quis

984 2800 1227 2892 possit,
1264 2825 1406 2894 quo
1441 2800 1678 2871 minus
1714 2801 1809 2872 ad
1842 2801 2162 2873 historiae
2195 2805 2429 2876 lucem
2474 2808 2605 2877 has
2649 2807 2927 2877 fabulas
2971 2807 3098 2877 ad-

985 2916 1193 2999 ferat,
1229 2926 1305 2989 et
1338 2917 1413 2988 in
1447 2917 1756 3013 negotiis
1791 2918 2117 2989 civilibus
2151 2920 2562 3014 bellicisque
2596 2921 2706 2992 sui
2751 2921 3098 3014 temporis

986 3033 1400 3104 enarrandis
1432 3033 1753 3105 Deorum
1792 3034 2186 3105 ministerio
2213 3046 2458 3128 aperte
2484 3038 2593 3108 uti
2621 3038 2815 3108 velit.
2874 3038 3098 3110 Hunc

985 3154 1224 3218 tamen
1275 3148 1715 3242 scriptorem,
1749 3149 1962 3220 toties
2009 3173 2054 3219 a
2104 3174 2220 3221 me
2273 3150 2444 3222 olim
2501 3151 2961 3222 insimulandi
3017 3162 3094 3223 et

984 3263 1332 3355 arguendi
1363 3288 1580 3335 causa
1619 3274 2121 3350 memoratum,
2152 3266 2347 3338 felici
2396 3292 2588 3361 saepe
2638 3267 2928 3363 ingenio
2977 3292 3094 3340 res

982 3401 1213 3447 sacras
1265 3390 1340 3450 et
1384 3381 1799 3476 religionem
1850 3381 2174 3476 attigisse
2219 3386 2376 3478 jam
2428 3387 2680 3456 lubens
2729 3386 3093 3477 profiteor.

982 3491 1206 3586 CuJus
1237 3493 1342 3563 rei
1390 3507 1817 3589 argumenta
1860 3521 2025 3569 cum
2071 3522 2350 3591 possem
2395 3500 2707 3592 plurima
2753 3501 3095 3594 proferre,

1062 3697 1089 3735 ¹¹
1122 3696 1245 3756 vid.
1278 3698 1480 3758 AEsch.
1504 3703 1705 3779 Agam.
1732 3719 1905 3776 ¹320·
1933 3715 1994 3761 et
2023 3721 2145 3780 seq.
2177 3715 2238 3761 et
2263 3705 2510 3762 Eumen.
2542 3704 2679 3779 248.

1057 3805 1080 3833 ⁶
1107 3794 1341 3874 Insigne
1380 3810 1468 3854 est
1508 3799 1832 3877 exemplum
1876 3798 1935 3858 in
1977 3800 2184 3860 Italico
2216 3803 2392 3877 [Pun.
2426 3803 2594 3860 vul.
2638 3803 2778 3877 623,
2816 3805 2955 3880 δια]
2997 3803 3094 3863 ubi

977 3913 1094 3970 prae
1135 3892 1311 3953 nimia
1346 3893 1712 3955 multitudine
1742 3915 1805 3954 se
1842 3895 2082 3955 invicem
2123 3901 2473 3958 conturbant
2499 3898 2794 3979 prodigia:
2842 3900 3094 3959 alterum

976 4010 1107 4049 vero
1144 3992 1318 4065 [Pun.
1359 3992 1524 4051 XVI.
1559 3993 1724 4067 586]
1759 3991 1852 4052 ubi
1881 3992 2108 4053 inutilia
2136 4015 2364 4072 prorsus
2401 4008 2553 4066 sunt,
2582 3996 2823 4072 ideoque
2864 3998 2922 4057 in
2955 3998 3094 4066 vitio

979 4091 1141 4164 plant*
1177 4088 1449 4144 Imma-mia,
