3559 5575
335 463 1052 547 PRAELECTIO
1112 465 1767 548 TRICESIMA
1825 464 2394 549 SECUNDA.

310 686 416 750 De
441 685 708 753 Fabulis
738 684 1215 774 Mythologicis.
1307 672 1463 750 Non
1492 707 1572 749 εκ
1600 685 1880 750 novitate
1908 686 2020 750 sed
2045 708 2126 750 ea·
2153 709 2420 751 consue-

399 789 620 854 tudine
665 792 799 853 vim
841 789 1086 853 habent.
1182 791 1320 862 Quo
1358 797 1567 852 autem
1596 790 1894 867 notiores,
1925 810 1994 852 eo
2011 792 2422 876 potentiores.

314 923 318 928 -
397 891 667 978 Mag-na
694 900 788 955 est
816 912 994 954 mera
1024 889 1351 954 nominum
1382 891 1617 968 virtus,
1643 892 1702 954 si
1732 913 1875 955 cum
1904 892 2176 956 Ῐιὶείοτία
2202 893 2425 980 aliqua

395 992 531 1054 sint
574 993 928 1077 conjuncta.
1024 992 1239 1064 Quare
1252 991 1534 1075 fabulae
1571 1013 1697 1056 usu
1726 1001 2031 1078 receptae,
2048 996 2422 1079 praesertim

399 1102 671 1158 vetustae
714 1094 1054 1180 religionis
1096 1092 1425 1178 reliquia-9,
1461 1093 1675 1158 sedulo
1709 1094 2001 1158 addiscat
2030 1095 2245 1159 Poeta.
2335 1098 2423 1159 In

394 1196 800 1281 omnifirme
815 1204 1181 1282 poematum
1200 1215 1464 1283 genere,
1495 1203 1556 1259 et
1589 1196 1661 1258 in
1701 1198 1874 1260 omni
1915 1205 2118 1277 catate,
2150 1198 2421 1286 Mytho-

395 1295 582 1384 logiae
610 1297 892 1385 antiquae
917 1307 1011 1362 est
1037 1297 1233 1362 locus.

1118 1495 1669 1546 *-

308 1658 491 1757 DE
543 1686 1032 1782 prodigiorum
1087 1712 1219 1758 usu
1280 1711 1447 1782 quae
1506 1688 1727 1760 habui
1785 1688 2152 1780 expositis,
2202 1700 2279 1761 et
2328 1691 2421 1762 de

309 1803 508 1873 omni
540 1813 1036 1895 portentorum
1071 1826 1333 1899 genere
1367 1803 1462 1874 ad
1496 1813 1772 1874 metum
1808 1817 2024 1896 atque
2051 1786 2418 1876 horrorem

306 1919 868 2000 accommodam,
904 1930 1229 2010 superest
1261 1928 1348 1988 ut
1378 1919 1729 2010 reliquam
1774 1942 1871 1988 ex
1912 1919 2258 2014 religione
2303 1943 2421 1990 or·

307 2044 461 2105 tam
495 2033 871 2104 materiem
905 2033 1151 2125 paucis
1176 2035 1332 2126 jam
1368 2055 1759 2125 exsequar:
1814 2057 1956 2126 qua
2001 2035 2291 2126 quidem
2343 2058 2422 2105 re

306 2150 663 2221 maximos
699 2148 964 2242 ubique
996 2159 1246 2240 poetas
1279 2149 1592 2243 gaudere
1626 2147 1858 2231 video,
1891 2159 1969 2220 et
1996 2148 2166 2220 inde
2199 2150 2420 2221 etiam

307 2288 452 2336 uon
508 2265 889 2335 minimum
943 2263 1116 2334 artis
1164 2287 1315 2334 suae
1357 2265 1573 2334 decus
1607 2266 1915 2334 trahere.
2019 2261 2280 2358 Neque
2313 2275 2423 2336 ta-

306 2403 476 2451 men
511 2379 631 2449 hic
664 2378 908 2473 agitur
939 2377 1029 2448 de
1064 2378 1469 2470 praeseutia,
1504 2401 1588 2449 ac
1621 2379 2022 2472 majestate,
2048 2389 2123 2451 et
2148 2381 2420 2453 auxilio

304 2495 651 2577 Deorum,
699 2492 938 2586 qualia
988 2492 1062 2562 in
1105 2486 1343 2585 'Epico
1393 2502 1722 2585 poemate
1773 2494 2096 2565 adhiberi
2147 2497 2418 2580 solent3

304 2632 613 2703 quarum
649 2609 920 2679 scilicet
953 2631 1196 2679 rerum
1230 2608 1545 2703 imag-ine
1578 2610 2047 2682 confunditur
2070 2613 2420 2704 quodam-

306 2725 520 2795 modo
564 2746 833 2807 seusuS,
866 2733 943 2795 et
988 2723 1084 2794 ad
1131 2722 1491 2795 insolitam
1544 2724 1872 2797 miraculi
1922 2727 2230 2817 speciem
2282 2727 2420 2798 eri-

304 2839 545 2934 gitur:
571 2834 903 2932 fabulas
936 2848 1223 2910 tantum
1257 2838 1415 2909 illas
1450 2839 1610 2909 dico
1645 2863 1740 2909 ex
1773 2839 2032 2910 ultima
2057 2850 2419 2913 vetustate

304 2955 676 3040 deductaS,
710 2977 889 3047 quas
922 2954 1211 3025 credula
1243 2953 1459 3024 nimis
1493 2964 1671 3024 aetas
1705 2953 1876 3023 olim
1911 2977 1956 3023 a
2001 2954 2419 3045 parentibus

305 3068 685 3161 acceperit,
736 3078 812 3138 et
860 3068 938 3137 in
990 3069 1205 3139 sacris
1258 3068 1609 3138 habuerit.
1712 3067 1911 3148 Quas
1972 3067 2184 3138 modo
2242 3066 2418 3139 scite

307 3184 503 3277 operi
553 3185 841 3255 intexat
885 3183 1209 3275 scriptor,
1251 3193 1336 3253 ut
1374 3183 1468 3253 ad
1517 3184 1673 3252 haec
1724 3181 2176 3275 antiquitatis
2227 3205 2418 3252 com-

307 3312 575 3385 menta,
610 3324 754 3371 non
806 3299 1165 3372 destinato
1211 3322 1448 3386 cursu,
1490 3299 1617 3369 sed
1665 3321 1843 3369 aura
1892 3297 2094 3391 quasi
2142 3299 2416 3394 ingenii

306 3419 642 3509 abreptus
676 3417 1009 3487 videatur
1057 3414 1341 3497 deferri,
1386 3413 1646 3484 mirum
1700 3425 2053 3508 quantum
2104 3418 2416 3508 pulchri-

304 3531 577 3601 tudinis
611 3543 687 3602 et
717 3532 974 3627 gratiae
1008 3530 1441 3602 carminibus
1476 3531 1777 3601 addunt.

307 3685 314 3691 ·
408 3648 621 3718 Hanc
654 3658 894 3718 autem
933 3650 1402 3739 voluptatem,
1428 3647 1941 3740 qualiscunque
1975 3648 2266 3721 demum
2301 3652 2415 3721 fu-

233 3789 239 3797 ’
304 3763 465 3847 erit,
512 3763 607 3834 ad
656 3763 1056 3857 phantasiae
1107 3774 1346 3856 partes
1396 3764 1606 3836 unice
1665 3762 2025 3857 pertinere
2080 3765 2409 3836 dixerim.

305 3878 641 3971 Namque
675 3879 750 3949 in
785 3903 870 3949 eo
905 3878 1265 3972 praecipue
1300 3880 1586 3951 videtur
1626 3879 1882 3971 posita,
1916 3878 2111 3973 quod
2158 3879 2413 3974 imagi·

302 4018 431 4065 nes
465 3995 661 4065 intus
686 3994 1089 4066 reconditas
1115 3995 1520 4088 sopitasque
1545 3994 1864 4078 suscitet,
1883 4014 2068 4086 quas
2086 4018 2228 4066 uon
2254 3994 2411 4066 siue

303 4110 778 4181 delectatione
824 4105 1133 4203 quadam
1176 4111 1462 4203 perfusa
1507 4132 1707 4182 mens
1756 4109 1928 4181 olim
1984 4110 2406 4207 conceperit.
