3559 5575
451 87 517 154 278
804 84 927 149 PARS
951 82 1174 149 SECUNDA
1271 83 1526 150 Panum

538 256 668 335 Rector,
681 266 714 320 et
727 254 847 322 incerto
860 253 997 320 fluerent
1010 254 1156 320 mortalia
1168 277 1252 320 casu.

536 357 621 420 Nam
635 377 709 419 cum
724 355 866 442 dispositi
880 355 1063 442 quoesissem
1077 356 1198 421 foedera
1210 355 1337 437 mundi,

538 457 805 545 Praescriptosque
819 458 899 522 mari
913 459 1002 536 lines,
1017 459 1171 546 annisque
1185 474 1318 538 meatus,

537 561 584 626 Et
599 545 677 625 lucis
691 557 854 648 noctisque
870 559 970 635 vicem
995 574 1072 625 tunc
1085 561 1191 625 omnia
1205 561 1298 627 rebar

538 663 678 730 Consilio
692 664 817 728 firmata
831 662 905 742 Dei,
912 659 977 751 qui
991 663 1062 750 lege
1076 661 1195 728 moveri
1358 657 1362 666 ’

538 766 660 844 Sidera,
678 765 734 853 qui
748 766 857 853 fruges
871 765 997 830 diverso
1011 779 1153 853 tempore
1166 764 1263 845 nasci,

538 867 601 946 Qui
616 867 732 932 variam
750 867 895 932 Phoeben
908 867 1010 931 alieno
1020 867 1151 954 jusserit
1164 867 1238 955 igue

537 970 710 1058 Compleri,
728 969 896 1057 Solemque
910 994 987 1044 suo;
1010 972 1188 1057 porrexerit
1201 970 1296 1036 undis

539 1073 669 1147 Litora;
695 1070 839 1138 tellurem
855 1073 960 1137 medio
973 1072 1136 1138 libraverit
1149 1096 1219 1138 axe.

540 1175 604 1241 Sed
617 1199 690 1240 cum
705 1199 754 1240 res
769 1175 932 1241 hominurn
948 1191 1037 1240 tanta
1048 1175 1183 1262 caligine
1196 1175 1281 1239 volvi

539 1278 752 1365 Adspicerem,
768 1277 921 1364 laetosque
934 1277 991 1342 diu
1004 1276 1116 1342 florere
1131 1293 1288 1356 nocentes,

538 1381 718 1468 Vexarique
731 1380 818 1467 pios;
843 1402 953 1444 rursus
967 1379 1122 1445 labefacta
1134 1380 1268 1446 cadebat

538 1480 686 1568 Relligio,
701 1471 883 1568 caussaeque
897 1480 979 1545 viam
994 1503 1057 1546 non
1073 1495 1184 1568 sponte
1199 1480 1352 1568 sequebar

537 1581 692 1662 Alterius,
707 1605 807 1651 vacuo
821 1607 895 1669 quae
908 1605 1035 1648 currere
1050 1582 1168 1659 semina
1182 1599 1271 1648 motu

536 1684 698 1764 Affirmat‚
714 1707 931 1774 magnumque
945 1709 1043 1750 novas
1056 1709 1113 1773 per
1128 1685 1220 1750 inane
1234 1686 1353 1773 figuras

538 1790 693 1866 Fortuna,
709 1808 771 1851 non
786 1803 865 1865 arte,
879 1787 963 1874 regi:
986 1811 1060 1875 quae
1074 1788 1218 1852 Numina
1229 1811 1322 1852 seusu

538 1890 704 1979 Ambigua
718 1889 768 1954 vel
783 1889 871 1954 nulla
885 1903 989 1977 putat,
1004 1889 1055 1954 vel
1069 1889 1173 1954 neoeia
1187 1890 1294 1957 nostri.

537 1992 684 2059 Abstulit
699 1993 783 2057 hunc
798 1992 926 2057 tandem
942 1991 1054 2056 Rufini
1068 2015 1163 2080 poena
1177 1992 1362 2071 tumultum,

538 2097 750 2184 Absolvitque
766 2097 861 2160 Deos.
905 2097 929 2158 J
930 2117 982 2159 am
996 2117 1058 2159 non
1073 2095 1115 2159 ad
1130 2095 1269 2160 culmina
1282 2115 1387 2159 rerum

539 2200 681 2287 Injustos
695 2197 827 2262 crevisse
842 2219 975 2283 queror:
999 2195 1155 2261 tolluntur
1168 2197 1201 2261 in
1215 2196 1327 2275 altum,

537 2303 586 2366 Ut
600 2301 690 2389 lapsu
705 2301 849 2388 graviore
864 2313 967 2364 ruant.
1068 2301 1203 2364 Cnsun.
1220 2321 1259 2365 ru
1275 2302 1365 2364 Bur.
1381 2299 1411 2364 1.
1428 2298 1460 2363 1.

451 2415 532 2486 Hoc
558 2413 728 2483 nimirum
754 2411 902 2510 exordio
928 2434 1011 2482 usus
1039 2411 1270 2511 Claudianus,
1292 2413 1504 2505 perpulchro

449 2553 534 2602 sane
551 2539 660 2622 atque
677 2527 776 2598 omni
791 2528 899 2598 laude
916 2527 1142 2610 cumulando,
1163 2528 1249 2617 (uisi
1270 2523 1368 2622 quod
1389 2551 1504 2600 uuum

449 2647 538 2719 illud
556 2644 725 2716 audacius
743 2666 847 2737 aequo
862 2643 909 2713 sit
922 2643 1062 2715 dictum
1074 2651 1096 2685 ‘⁶
1107 2642 1345 2737 Absolvitque
1358 2645 1502 2739 Deos,”)

449 2762 579 2835 deinde
606 2761 755 2835 adrem
781 2757 1011 2853 praecipuam,
1037 2759 1163 2831 Rufini
1190 2758 1325 2833 scilicet
1349 2745 1504 2847 ruinam,

450 2880 698 2955 celebrandam
714 2876 926 2973 ingreditur.

502 2994 646 3070 Horatii
680 3004 800 3070 autem
836 2992 961 3063 eodem
996 3002 1134 3085 spectat
1165 2993 1246 3064 Ode
1275 2990 1337 3064 illa
1366 2992 1504 3065 sincero

450 3112 561 3184 animi
579 3111 704 3183 ardore
721 3120 758 3181 et
775 3131 915 3180 summa
938 3131 1024 3202 erga
1040 3108 1160 3180 Deum
1182 3109 1318 3202 pietate
1341 3109 1504 3205 insignis,

449 3252 520 3327 qua
545 3225 810 3320 praelectionem
833 3226 938 3307 hanc,
955 3234 1088 3315 praeter
1109 3246 1243 3297 morem
1261 3235 1298 3296 et
1316 3222 1503 3296 consilium

448 3355 609 3421 nostrum
627 3341 835 3437 longiorem,
846 3343 925 3435 jam
943 3339 1090 3412 tandem
1107 3339 1227 3413 claudi
1243 3340 1439 3433 praestabit.

579 3464 699 3526 Parcus
713 3462 855 3525 Deorum
870 3461 974 3526 cultor
988 3475 1020 3525 et
1034 3460 1227 3549 infrequens,

579 3564 777 3627 [munientia
792 3563 867 3627 dum
881 3565 1049 3651 sapientire

579 3664 752 3731 Consultus
765 3686 853 3739 err03
877 3688 962 3729 nunc
976 3680 1149 3730 retrorsum

621 3767 699 3833 Vela
712 3766 799 3846 dare,
814 3781 912 3855 atque
926 3767 1038 3833 iterare
1052 3791 1164 3833 cursus

579 3876 686 3962 Cogor
699 3871 833 3936 relictos.
879 3872 1027 3958 Namque
1042 3870 1202 3959 Diespiter

580 3975 653 4063 Igni
667 3996 796 4043 corusco
810 3972 921 4038 nubila
933 3970 1077 4037 dividens
