3559 5575
384 66 610 132 Pam„
647 63 864 133 XIII.
1053 68 1187 132 DE
1229 68 1837 133 AFFECTIBUS.
2373 69 2500 133 18³

382 250 582 312 terea
627 241 906 334 judicio
961 250 1039 312 et
1080 241 1442 336 gravitate
1486 241 1581 312 sit
1621 240 2050 333 spectabilis,
2084 241 2207 311 hic
2251 251 2498 314 autem

378 355 606 426 ferme
640 357 734 428 ad
758 355 1216 428 Homericam
1256 356 1688 428 suavitatem
1723 360 2322 450 majestatemque
2345 379 2500 427 car-

378 470 592 541 minis
642 470 963 554 accedat,
1003 481 1248 543 tamen
1302 472 1472 565 quia
1521 473 1841 542 humana
1892 482 2152 544 carent·
2190 471 2496 554 actione,

378 608 591 657 nemo
624 587 773 659 fere
821 586 1046 657 animi
1085 608 1305 658 causa
1349 586 1841 682 legit—nemo
1887 610 2027 657 non
2078 588 2225 658 cito
2273 585 2497 657 taedio

380 702 709 784 afficitur,
745 703 916 773 licet
951 701 1367 772 animalium
1414 702 1888 795 proprietates
1933 703 2293 796 exquisita
2338 711 2495 773 arte

379 817 776 908 descriptas
820 817 1147 900 miretur,
1182 827 1256 887 et
1292 817 1475 887 nihil
1505 819 1909 889 ornamenti
1944 818 2127 889 desit
2162 817 2498 889 carmini·

383 934 539 1014 bue,
578 934 774 1025 quod
808 932 1099 1026 quidem
1135 932 1486 1026 ejusmodi
1518 956 1631 1003 res
1662 933 1739 1003 in
1776 957 1852 1004 se
1884 933 2200 1065 recipere
2233 943 2475 1027 queat.

488 1046 750 1140 Neque
803 1058 1048 1118 tamen
1100 1046 1482 1140 quisquam
1530 1048 1648 1118 hic
1697 1048 1903 1118 nobis
1953 1047 2267 1142 oinciat,
2306 1047 2500 1140 quod

380 1163 716 1235 Lucretii
768 1183 1027 1255 poema
1073 1165 1233 1257 Jam
1285 1161 1361 1232 in
1409 1163 1729 1233 confesso
1774 1163 1871 1233 sit
1913 1162 2185 1233 deliciis
2236 1162 2501 1256 ubique

377 1279 626 1361 fluere,
661 1287 773 1350 tot
807 1279 1099 1370 insuper
1151 1280 1551 1348 seculorum
1602 1276 1929 1347 unanimi
1963 1300 2135 1347 voce
2179 1300 2499 1369 compro·

376 1396 654 1465 batum.
757 1394 1004 1465 Habet
1054 1392 1250 1464 certe
1298 1392 1611 1485 plurima
1655 1392 2041 1464 Lucretius
2088 1392 2498 1464 felicissimo

376 1507 670 1602 ingenio
703 1508 1009 1601 scripta:
1060 1509 1282 1578 habet
1313 1509 1715 1602 elegantem
1751 1516 1829 1577 et
1854 1506 2186 1577 subtilem
2222 1507 2494 1603 linguae

379 1623 844 1696 facilitatem:
899 1624 1117 1695 habet
1155 1622 1572 1694 facultatem
1619 1623 1844 1707 illam,
1878 1633 1964 1693 ut
1996 1645 2208 1694 nemo
2254 1647 2493 1715 supra,

379 1760 544 1833 quae
577 1740 843 1811 formas
879 1762 1119 1811 rerum
1153 1740 1247 1809 ad
1280 1759 1598 1834 unguem
1633 1737 2019 1830 exprimat,
2052 1747 2126 1809 et
2158 1737 2418 1831 quibus
2451 1763 2498 1809 a

380 1865 644 1926 natura
677 1854 878 1925 deest
901 1855 1155 1935 forma,
1181 1853 1293 1923 his
1326 1853 1624 1924 solidam
1658 1852 1867 1945 quasi
1899 1852 2201 1946 figuram
2237 1863 2315 1923 et
2345 1876 2500 1924 cor-

383 1993 520 2062 pus
571 1968 813 2039 addat.
918 1961 1112 2038 Tum
1145 1967 1223 2037 in
1259 1968 1654 2038 rationibus
1687 1967 2165 2058 exsequendis
2199 1968 2381 2037 nihil
2413 1990 2499 2038 eo

385 2084 845 2166 luculentius,
879 2082 1062 2152 nihil
1094 2082 1428 2174 pressius,
1453 2081 1636 2151 nihil
1667 2081 1760 2152 ad
1794 2080 2342 2175 intelligendum
2378 2105 2501 2174 ap-

385 2199 575 2272 tius:
628 2210 713 2270 nt
764 2202 903 2270 hac
959 2198 1034 2269 in
1096 2208 1327 2291 parte,
1381 2197 1708 2291 quamvis
1766 2205 1999 2268 metro
2051 2207 2125 2268 et
2182 2200 2498 2271 numeris

384 2315 793 2398 adstrictuS,
828 2313 1046 2385 etiam
1098 2312 1680 2407 philosophorum
1727 2321 2133 2383 commenta
2184 2324 2495 2406 superet.

382 2430 597 2511 Quod
629 2429 688 2501 si
725 2429 884 2523 quis
913 2451 1000 2500 ea
1032 2427 1486 2521 potissimum
1521 2426 1720 2521 sequi
1755 2427 2063 2498 voluerit
2096 2452 2261 2521 quae
2297 2452 2495 2501 men-

379 2555 529 2618 tem
564 2556 641 2617 et
667 2547 967 2617 affectus
1001 2553 1335 2639 tangunt,
1365 2544 1600 2638 (cujus
1633 2542 1927 2636 quidem
1962 2544 2244 2638 generis
2277 2547 2495 2617 confi-

380 2669 538 2731 teor
567 2683 711 2732 non
749 2681 976 2754 pauca
1004 2661 1152 2731 illic
1178 2659 1476 2752 reperiri
1500 2660 1757 2751 posse,)
1780 2670 1858 2732 at
1883 2660 2113 2755 longis
2137 2683 2223 2733 ea
2250 2681 2494 2753 sparsa

378 2774 772 2848 intervallis
805 2777 1136 2869 reperiet,
1169 2785 1244 2849 et
1277 2775 1517 2869 qualia
1550 2775 1901 2869 reliquam
1938 2776 2169 2869 operis
2211 2788 2493 2870 partem

383 2900 604 2986 quani
640 2891 736 2962 sit
767 2892 963 2962 nuda
995 2903 1072 2962 et
1104 2891 1313 2963 exilis
1347 2890 1713 2962 verissime
1747 2892 2264 2963 demonstrant.

483 3004 967 3099 Aliquantum
992 3006 1291 3077 fortasse
1319 3029 1433 3077 me
1458 3007 1552 3077 ad
1577 3008 1762 3080 hanc
1797 3008 2227 3079 sententiam
2260 3006 2496 3079 feren-

382 3123 549 3194 dam
601 3121 973 3213 impulerit
1020 3121 1348 3213 improba
1397 3121 1603 3192 istius
1653 3121 2119 3215 philosophiae
2165 3134 2240 3195 et
2280 3126 2491 3216 plane

381 3238 807 3310 detestanda
839 3236 1066 3308 ratio:
1103 3237 1219 3308 cui
1256 3255 1514 3330 nempe
1546 3237 1757 3309 unice
1791 3237 1885 3310 sit
1916 3239 2381 3332 propositum,
2407 3249 2491 3312 ut

381 3354 723 3448 quicquid
788 3375 1110 3447 unquam
1179 3361 1507 3424 sanctum
1568 3363 1697 3425 aut
1747 3356 2237 3426 venerandum
2297 3355 2492 3448 apud

383 3472 705 3542 homines
758 3470 1083 3542 habitum
1136 3470 1252 3551 sit,
1286 3470 1628 3563 quicquid
1672 3472 1763 3542 de
1811 3471 2126 3542 numinis
2167 3470 2491 3566 benigni-

382 3595 533 3656 tate
566 3609 651 3656 ac
674 3586 1020 3677 potentia,
1041 3584 1385 3677 quicquid
1408 3585 1499 3656 de
1523 3585 1796 3655 Anima
1821 3586 1958 3656 hac
1981 3584 2156 3677 ipsa,
2176 3587 2269 3657 ad
2288 3605 2489 3680 spem

381 3724 467 3771 ac
498 3701 814 3772 fructum
849 3700 1410 3774 immortalitatis
1456 3711 1650 3783 nata,
1685 3696 2032 3774 divinitus
2078 3703 2351 3773 homini
2394 3702 2490 3774 sit

379 3816 706 3902 insitum,
765 3840 809 3886 a
867 3827 1154 3908 pectore
1213 3816 1558 3888 radicitus
1610 3819 1913 3899 evellat;
1981 3818 2487 3908 hominemque

381 3931 617 4023 ipsum
663 3942 747 4003 ut
794 3931 1067 4016 doceat,
1101 3942 1481 4026 postquam
1531 3955 1723 4005 caeco
1771 3933 2045 4025 impetu
2100 3933 2360 4004 ductus
2409 3930 2486 4002 in

1376 4065 1434 4116 N
1473 4053 1518 4116 4
