3559 5575
1041 40 1173 103 400
1737 42 1743 47 ’
1761 35 2007 101 PARS
2051 34 2435 101 TERTIA
2598 36 2828 101 Pam„
2864 33 3186 104 XXXI.

1300 208 1419 270 ’Ex'
1442 207 1486 270 δ’
1518 207 1722 295 αἰθέρος
1748 209 1892 290 φωνῆ
1921 234 2029 286 τις,
2059 210 2129 281 ὥς
2157 207 2260 290 μὲν
2287 206 2542 286 εἴκίισαι,

1304 309 1566 383 Διόνυσος
1596 309 1912 388 ἀνεβόησεν·
1940 307 1985 374 ὦ
2014 309 2263 388 νεανῖδες,

1290 408 1462 494 Ἀγω
1489 409 1583 474 τόν
1608 415 1776 492 ὑμᾶς,
1808 414 1983 494 κάμὲ,
2014 412 2175 492 τάμά
2203 412 2254 472 τ’
2288 409 2457 494 ὄργια

1300 512 1490 575 Γέλων
1518 511 1808 594 τιθέμενον·
1842 516 2006 576 ἀλλὰ
2031 511 2356 598 τιμωρεῖσθέ
2386 537 2480 574 νιν.

1301 615 1419 677 Καὶ
1451 617 1603 678 ταῦθ’
1632 612 1730 695 ἅμ’
1762 614 2012 702 ἠγόρευε,
2046 615 2142 677 καὶ
2171 618 2304 700 πρὸς
2332 617 2554 701 οὐρανὸν

1303 718 1423 779 Καὶ
1452 720 1628 800 γαῖαν
1658 717 1913 804 ἐστῆςιξε
1941 723 2053 797 φῶς
2083 721 2290 798 σεμνοῦ
2319 717 2504 800 πυρός·

1302 818 1622 885 ΣῘΓΗΣΕ
1653 819 1723 881 Δ’
1757 822 2043 896 ΑῘΘΗΡ,
2071 817 2267 905 ΣΙΓᾼ
2296 818 2367 880 Δ’
2402 818 2846 882 ΕΤΛΕῘΜΟΣ
2872 823 3138 884 ΝΑΠΗ

1304 921 1549 984 &PAR
1596 924 1817 983 EIXE·
1873 924 2172 984 ΘΗΡΩΝ
2225 921 2297 983 Δ’
2345 922 2516 983 (ῪΓΚ
2570 922 2686 981 ΑΝ
2740 924 2800 981 H
2811 924 3168 987 ΚΟΥΣΑΣ

1394 1025 1653 1086 ΒΟΗΝ.
2541 1021 2840 1106 ‘Bacca
2874 1023 3075 1090 1076.

1145 1127 1497 1199 Attamen
1525 1126 1615 1197 de
1640 1125 1954 1197 artificiis
1981 1137 2189 1198 extra
2214 1128 2584 1197 oculorum
2619 1124 2847 1196 aciem
2883 1125 3162 1219 positis

1045 1242 1396 1335 copiosius
1430 1240 1712 1314 dicendi
1747 1264 1921 1313 mox
1952 1245 2150 1314 locus
2175 1240 2337 1315 erit.
2390 1242 2644 1314 Liceat
2670 1241 2888 1312 modo
2924 1241 3161 1311 nobile

1046 1355 1226 1427 illud
1284 1356 1605 1448 AEschyli
1659 1358 1815 1450 jam
1870 1356 2206 1449 proferre,
2257 1358 2451 1452 quod
2507 1357 2587 1427 in
2646 1356 2961 1427 materia
3016 1379 3156 1424 non

1045 1472 1348 1543 absimili
1387 1496 1630 1564 parem
1664 1473 1814 1544 fere
1847 1475 2132 1545 laudem
2171 1475 2409 1558 habet,
2443 1498 2613 1545 cum
2640 1467 3159 1570 ΕἴδωλονἊῃου

1046 1593 1331 1680 γηγενοῦς
1382 1577 1526 1656 non
1578 1587 1894 1684 imagine
1950 1613 2147 1662 mera
2200 1591 2544 1686 vigilique
2604 1591 2808 1661 oculo
2868 1600 3155 1662 tantum

1047 1724 1201 1773 esse
1246 1702 1581 1784 terribile,
1616 1704 1744 1774 sed
1789 1728 2076 1777 carmen
2129 1730 2356 1777 unum
2407 1707 2762 1798 pastorale
2812 1707 3157 1777 continuo

1048 1817 1124 1888 in
1161 1841 1365 1891 aures
1399 1842 1561 1890 suas
1595 1821 2179 1893 submurmurare
2216 1821 2298 1894 Io
2334 1822 2680 1916 queritur.

1310 2006 1609 2086 Φοβοῦμαι
1639 2004 1733 2067 τὸν
1755 2006 2036 2090 μυριωπὸν
2066 2009 2340 2091 εἰσορῶσα
2372 2003 2606 2068 Βούταν.

1480 2109 1559 2170 ‘O
1589 2108 1643 2170 δὲ
1672 2106 1957 2192 πορεύεται
1987 2106 2163 2170 δόλιον
2191 2105 2327 2188 ὄμμ’
2363 2107 2534 2190 ἔχων,

1471 2206 1586 2271 Ὃν
1614 2209 1730 2272 οὐδὲ
1760 2206 2101 2271 κατθανόντα
2129 2211 2276 2293 γαῖα
2307 2209 2497 2270 κεύθει.

1310 2314 1480 2375 Ἀλλ’
1513 2312 1609 2393 ἑμὶ
1640 2314 1744 2374 τᾶν
1773 2309 2052 2373 τάλαιναν
2077 2314 2140 2389 ἐξ
2170 2309 2356 2397 ἐνέρων
2380 2317 2556 2395 περῶν

1313 2417 1656 2499 Κυναγετεῖ,
1685 2418 1879 2498 πλανᾷ
1905 2438 1966 2474 τε
1999 2417 2183 2490 νῆστιν

1306 2516 1452 2576 Ἀνὰ
1479 2519 1585 2578 τὰν
1609 2518 1901 2599 παραλίαν
1931 2514 2191 2597 ψάμμον·

1307 2617 1449 2677 ’Τπὸ
1480 2616 1535 2676 δῖ
1567 2616 1951 2700 κηρόπλαστος
1982 2619 2346 2680 ΟΤΓΟΒΕῙ

1311 2719 1599 2784 ΔΟΝΑΞ
1633 2721 1975 2785 ΑΧΕΤΑΣ
1999 2720 2536 2782 ΤΠΝΟΔΟΤΑΝ
2565 2719 2898 2780 ΝΟΜΟΝ.

2388 2817 2627 2885 AEscn.
2660 2822 2892 2884 Paox.
2924 2822 3071 2887 571.

1156 2982 1341 3054 Haec
1386 2992 1629 3054 autem
1675 2991 1751 3053 et
1787 2981 2068 3065 similia,
2103 3004 2268 3054 cum
2301 2980 2377 3051 in
2418 2992 2616 3051 motu
2652 2979 2878 3051 animi
2911 2992 2986 3051 et
3021 2991 3167 3051 ter-

1051 3121 1210 3169 rore
1254 3110 1651 3185 versentur,
1695 3098 1960 3169 idcirco
2013 3098 2105 3168 ad
2150 3115 2678 3167 AFFECTUUM
2725 3107 2964 3187 partes
3005 3099 3165 3189 jam

1042 3213 1224 3284 -olim
1269 3224 1740 3306 pertractatas
1787 3211 2093 3286 attinere
2127 3237 2220 3284 ne
2254 3211 2414 3306 quis
2447 3213 2633 3283 forte
2667 3221 2900 3304 putet,
2933 3211 3170 3282 anim-

1051 3329 1385 3400 advertat
1418 3330 1655 3413 velim,
1690 3353 1833 3400 non
1869 3328 2146 3400 casibus
2182 3328 2514 3399 humanis
2548 3336 2677 3398 aut
2711 3350 2878 3398 vera
2919 3351 3167 3398 rerum

1051 3441 1457 3513 imitatione
1509 3454 1780 3515 metum
1835 3446 2028 3515 hunc
2079 3442 2285 3525 effici,
2331 3444 2458 3514 sed
2506 3443 2839 3515 inanibus
2890 3443 3169 3513 umbris

1052 3567 1127 3628 et
1161 3556 1383 3627 tacito
1430 3557 1788 3651 religionis
1830 3583 2041 3630 sensu
2087 3558 2180 3629 ad
2230 3581 2384 3629 rem
2437 3581 2639 3629 suam
2692 3557 2896 3628 abuti
2944 3559 3175 3650 scrip-

1050 3682 1302 3745 torem.
1406 3653 1646 3755 Quare
1697 3674 2173 3747 dubitandum
2225 3698 2368 3745 non
2423 3685 2555 3757 est,
2603 3675 2858 3745 harum
2919 3697 3168 3745 rerum

1052 3787 1497 3882 disciplinam
1535 3802 1729 3862 recte
1759 3791 2172 3865 Phantasiae
2198 3790 2460 3861 finibus
2485 3789 2879 3861 contineri:
2921 3789 3172 3883 Hujus

1052 3906 1245 3976 enim
1305 3931 1399 3977 ex
1453 3930 1586 3999 ope
1644 3907 1910 3999 pendet
1960 3907 2304 4000 quicquid
2356 3905 2618 3977 virium
2669 3907 2986 3977 habeant
3037 3917 3173 3976 aut
