3559 5575
194 443 313 520 Pnnr...
324 442 398 506 111.
521 441 586 506 DE
610 439 921 506 IMITATIONE.
1202 443 1249 511 29

245 615 343 700 Quid
376 613 473 685 enim
509 613 566 706 (ut
604 615 650 686 ab
682 613 826 686 infinita
857 612 1057 708 quaestione
1088 610 1249 686 disceda-

195 755 287 817 mus,
304 741 342 804 et
361 731 400 802 in
427 729 567 826 singulo
593 731 759 822 exemplo
783 753 859 802 rem
884 738 999 801 totam
1023 727 1247 824 intueamur)

196 848 285 944 quid
302 847 416 943 magis
433 847 530 940 apud
546 867 669 918 omnes
687 869 900 918 consensum
916 855 984 929 est,
1000 869 1108 939 quam
1131 846 1254 918 Poeti-

196 988 276 1037 cam
293 965 424 1036 Artem
442 962 601 1033 maxima
619 985 664 1032 ex
693 973 794 1054 parte
821 961 1030 1033 Imitatione
1046 960 1251 1033 contineri?

196 1081 255 1152 De
279 1080 424 1152 nomine
451 1079 542 1150 mira
566 1089 621 1150 est
648 1078 745 1171 apud
771 1101 896 1150 ornnes
918 1077 1119 1163 concordia,
1144 1078 1252 1150 dere

195 1221 270 1269 non
297 1195 447 1267 minima
463 1194 572 1266 etiam
599 1194 695 1266 inter
711 1195 835 1266 doctos
852 1194 1105 1266 controversia.
1155 1195 1255 1278 Quo-

196 1335 280 1384 rum
298 1311 343 1381 de
360 1308 587 1403 opinionibus
603 1332 718 1401 pauca
734 1309 833 1402 prius
851 1309 1057 1382 disserenda
1073 1319 1170 1393 sunt,
1181 1333 1254 1404 quo

197 1426 338 1500 facilius
355 1426 403 1497 ad
419 1425 598 1519 integram
616 1434 653 1496 et
670 1435 874 1496 accuratam
890 1423 930 1494 in
946 1427 1016 1496 hoc
1037 1448 1169 1519 genere
1183 1424 1256 1496 dis-

199 1542 370 1637 ciplinam
388 1540 666 1634 proficiscamur.

250 1657 345 1730 Sunt
362 1658 424 1753 qui
450 1657 488 1729 in
515 1656 682 1728 humanis
706 1654 863 1726 moribus
887 1663 952 1726 aut
973 1653 1174 1727 actionibus
1195 1656 1258 1728 de-

200 1775 395 1846 scribendis
407 1773 592 1846 Poeticam
604 1771 849 1844 Imitationem
861 1794 1005 1843 omnem
1016 1771 1149 1843 versari
1162 1770 1255 1843 exis·

199 1891 353 1973 ¹timant;
375 1913 482 1984 quern
500 1889 539 1960 in
555 1911 748 1960 numerum
765 1887 973 1960 referendus
989 1896 1045 1960 est
1061 1888 1256 1960 acerrimus

180 2003 184 2011 ’
200 2006 261 2080 ille
278 2006 519 2098 Philosophiae
536 2005 770 2097 omniumque
790 2003 923 2074 artium
943 2003 1061 2097 judex
1077 2003 1257 2078 Aristote-

201 2124 264 2204 les,
280 2120 343 2215 qui
367 2120 476 2193 etiam
505 2119 658 2202 Poesim,
677 2118 745 2190 nisi
762 2141 844 2212 quae
872 2116 1081 2190 imitatione
1104 2128 1257 2204 constet,

203 2238 311 2309 ullam
330 2235 476 2307 omnino
490 2258 567 2306 esse
583 2244 703 2329 negat.
731 2233 791 2304 Ab
803 2236 884 2318 hoc,
898 2235 1007 2305 verbo
1020 2232 1135 2328 magis
1147 2257 1257 2329 quarn

201 2376 241 2424 re
254 2351 467 2422 dissentiens
480 2350 586 2421 Pluto
599 2349 739 2432 statuit,
751 2360 918 2440 poemata
930 2349 1098 2441 quaedam
1113 2349 1259 2420 imitan-

204 2467 251 2537 do
268 2466 436 2560 quaedam
461 2464 640 2536 narrando
661 2463 798 2545 confici,
823 2465 997 2534 nonnulla
1020 2462 1143 2549 etiam,
1166 2464 1259 2536 sicut

204 2578 432 2672 Epopoeiam,
445 2577 501 2650 uti
518 2576 680 2670 utrisque
695 2575 818 2648 modis.
845 2575 985 2659 Quibus
998 2601 1047 2648 ex
1062 2579 1148 2650 locis
1163 2578 1260 2650 inter

203 2717 243 2774 se
260 2693 399 2766 collatis
423 2692 639 2790 intelligitur
655 2693 804 2763 verbnm
823 2693 896 2763 hoc,
906 2688 1157 2765 Imitationem
1171 2693 1259 2765 libe-

202 2811 289 2891 riori
307 2834 412 2883 sensu
430 2812 476 2884 ab
488 2812 686 2884 Aristotele
702 2834 779 2883 csse
799 2810 987 2895 usitatum,
1004 2812 1121 2906 quiet
1137 2836 1260 2885 narra·

203 2926 302 2999 tione
315 2926 367 2999 ait
382 2926 512 2999 Poetas
526 2926 717 3022 aliqnando
730 2925 886 3009 imitari3
907 2949 990 2999 curn
1004 2925 1258 3000 uenationem

204 3042 328 3137 (quam
341 3040 535 3138 ἐπαγγελίαν
546 3044 666 3137 vocat)
680 3043 785 3115 Plato
798 3066 942 3135 prorsus
954 3068 977 3114 a
987 3045 1121 3138 μιμήσει
1132 3046 1260 3117 distin·

204 3168 315 3253 guat;
340 3181 422 3252 quae
442 3169 481 3230 ut
499 3181 582 3229 vere
599 3158 774 3229 efficiatur
789 3158 878 3251 ipsae
899 3182 1018 3231 coram
1044 3184 1188 3233 necesse
1204 3172 1261 3235 est

205 3266 424 3347 inducantur
440 3298 613 3367 personae,
630 3285 668 3345 et
685 3274 787 3367 quasi
812 3285 943 3370 agatur
962 3299 1030 3360 res,
1046 3300 1119 3347 non
1143 3278 1261 3349 alieno

205 3415 267 3466 ore
292 3392 493 3462 nuntietur.
543 3390 718 3473 Quamvis
743 3399 865 3460 autem
892 3391 938 3461 de
954 3390 991 3461 vi
1007 3392 1261 3465 vocabulorum

206 3507 422 3599 discrepent,
440 3514 634 3599 utrumqne
652 3514 773 3575 tamen
796 3502 834 3575 in
861 3502 1002 3576 actione
1022 3516 1086 3577 aut
1104 3505 1261 3581 moribus

205 3622 374 3695 humanis
387 3620 627 3693 imitationem
639 3644 772 3712 ponere
785 3620 1043 3693 satisconstat:
1069 3624 1261 3719 namquod

206 3740 267 3812 bic
283 3739 319 3810 in
339 3738 446 3811 tertio
460 3737 682 3831 Reipublicae
695 3760 771 3808 suae
783 3737 945 3831 disputat
957 3738 1002 3810 de
1020 3738 1133 3813 Poeta
1144 3740 1263 3816 diver.

207 3880 265 3928 sas
283 3854 442 3927 omnium
461 3876 633 3949 generum
650 3877 707 3926 res
725 3853 904 3940 imitante,
919 3854 1123 3929 hinnientes
1139 3882 1261 3954 equos,

205 3973 316 4047 boues
333 3971 547 4067 mugientes,
558 3970 736 4065 fragorem
754 3980 792 4043 et
810 3992 973 4042 murmur
988 3971 1179 4046 fluviorum
1196 3988 1262 4051 aut

207 4088 318 4161 maris
342 4086 541 4174 fremitum,
558 4110 650 4159 novo
667 4096 763 4160 certe
789 4097 899 4182 atque
923 4088 1040 4161 alieno
1062 4114 1169 4163 sensu
1193 4094 1262 4165 hac

206 4226 296 4276 uoce
313 4202 439 4284 utitur,
457 4201 502 4273 de
519 4225 590 4296 quo
607 4224 693 4273 nrox
709 4200 902 4275 dicendum
919 4205 1000 4276 erit.

210 4390 214 4397 ,
259 4319 357 4401 Jam,
384 4340 496 4417 quum
530 4340 752 4391 summorum
782 4317 1079 4415 Philosophorum
1110 4316 1264 4393 auctori·
