3559 5575
504 182 569 251 190
838 176 960 242 PARS
984 176 1209 241 SECUNDA
1343 177 1455 241 Pana.
1469 177 1564 242 XIV.

504 348 755 425 auctoritatem
780 372 887 421 nemo
912 370 972 419 me
995 348 1107 441 pluris
1129 348 1298 431 aestimet,
1319 372 1478 443 eumque
1498 352 1566 422 du·

504 490 594 550 cem,
605 472 737 559 'utpote
753 464 816 558 qui
831 466 924 535 duce
940 474 1071 535 natura
1087 464 1165 556 ipse
1185 473 1322 547 utatur,
1339 466 1563 537 tutissimum

503 583 636 676 ubique
654 581 701 651 sit
718 579 838 674 scqui3
857 580 1057 651 cavendum
1075 590 1198 650 tamen
1215 578 1393 671 imprimis
1406 580 1563 665 videtur,

503 721 549 769 ne
574 697 671 790 quod
693 696 738 767 dc
763 706 866 787 parte
889 694 1010 787 aliqua
1031 704 1129 765 recte
1149 693 1302 780 dicatur,
1322 694 1361 764 id
1385 694 1423 764 in
1446 719 1562 789 genus

444 848 450 861 ·
503 813 711 883 universum
744 810 910 903 imperite
945 810 1141 880 trahamus.
1193 809 1430 880 Meminerint
1463 812 1560 882 enim

503 929 611 999 velim
629 926 692 1020 qui
709 928 788 997 haec
805 925 970 1007 audiunt,
988 926 1033 996 de
1051 924 1248 1020 'l'ragoedia
1264 927 1339 995 sola
1359 927 1460 1019 loqui
1477 927 1561 998 Ari·

503 1044 783 1115 stotelcm-nos
801 1039 973 1133 quicquid
988 1039 1026 1108 in
1048 1062 1087 1109 se
1104 1040 1257 1110 Poeseos
1280 1050 1411 1111 natura
1432 1042 1560 1135 recipit

504 1170 676 1253 spectare.
710 1156 877 1227 Profecto
895 1155 1001 1226 certis
1018 1165 1227 1249 poemmum
1243 1155 1367 1227 formis
1384 1179 1461 1227 suae
1478 1182 1559 1229 con·

504 1286 602 1347 stant
630 1276 738 1370 leges,
766 1296 832 1343 usu
862 1280 1015 1364 reperta
1044 1281 1083 1342 et
1112 1270 1318 1342 criticorum
1344 1273 1558 1346 auctoritate

503 1394 671 1474 sancitae3
715 1415 803 1485 quas
837 1390 963 1484 utique
996 1389 1149 1461 transire
1183 1389 1283 1459 nefas
1316 1389 1496 1476 duxerim,
1529 1393 1559 1463 si

503 1510 646 1603 quando
662 1509 699 1578 in
717 1508 773 1577 his
790 1505 921 1577 finibus
938 1506 1193 1576 elaborandum
1211 1504 1300 1575 erit:
1318 1506 1461 1576 Poesim
1476 1532 1558 1578 vero

503 1624 617 1717 ipsam
635 1622 742 1692 nullis
759 1621 875 1692 teneri
891 1621 1031 1717 legibus
1043 1621 1282 1717 judicandum
1299 1630 1367 1703 est,
1383 1621 1454 1691 nisi
1470 1645 1558 1716 quas

502 1741 671 1809 humanae
700 1737 830 1807 mentis
857 1737 962 1823 ratio,
989 1738 1086 1808 unde
1116 1748 1194 1808 tota
1225 1736 1394 1829 pendeat,
1420 1747 1458 1808 et
1487 1763 1557 1832 quo

502 1854 609 1924 unice
627 1854 813 1935 referatur,
830 1854 998 1944 postulet.

554 1971 624 2041 His
653 1969 776 2063 itaque
806 1968 1000 2061 praemissis
1028 1967 1132 2038 facile
1161 1967 1279 2061 quivis
1307 1978 1440 2049 cernet,
1466 1992 1557 2060 prae-

503 2096 648 2178 ceptum
670 2084 760 2154 illud
777 2082 983 2155 Aristotelis
1005 2083 1051 2153 de
1074 2080 1118 2152 iis
1140 2082 1334 2153 dumtaxat
1349 2083 1481 2154 fabulis
1500 2108 1558 2153 su·

502 2202 687 2285 mendum,
712 2199 840 2294 quibus
869 2197 998 2269 infelix
1024 2207 1063 2268 et
1087 2197 1315 2269 calamitosus
1343 2197 1391 2269 sit
1415 2198 1555 2270 exitus:

502 2339 632 2407 nempe
648 2313 712 2385 ubi
727 2310 963 2383 miseriarum
980 2314 1182 2405 spectaculo
1196 2314 1375 2383 mulcetur
1385 2314 1557 2406 quodam-

504 2430 610 2501 modo
626 2438 664 2500 et
681 2429 877 2523 castigatur
894 2428 1047 2499 animus.
1099 2428 1228 2521 Neque
1252 2428 1350 2500 enim
1375 2428 1447 2499 leni
1473 2429 1557 2499 huic

502 2543 616 2614 dolori
638 2554 692 2615 est
708 2546 818 2627 locus,
839 2544 870 2614 si
893 2544 1015 2616 brevia
1039 2544 1113 2615 sint
1135 2545 1231 2615 mala
1253 2567 1337 2638 quae
1362 2544 1557 2629 intuemur,

502 2666 538 2729 et
558 2680 643 2728 mox
659 2659 752 2730 felici
771 2683 892 2730 rerum
909 2684 1014 2731 cursu
1032 2659 1278 2752 excipiantur3
1303 2682 1422 2753 neque
1438 2660 1470 2729 si
1485 2682 1557 2730 me·

502 2769 575 2844 rito
592 2797 634 2845 ea
651 2773 731 2868 quis
748 2776 919 2869 patiatur,
936 2786 978 2848 ut
995 2775 1068 2848 sint
1086 2777 1193 2848 modo
1210 2774 1384 2870 supplicia
1400 2776 1558 2869 peccatis

501 2889 634 2962 debita.

550 3005 668 3099 Atqui
684 3017 727 3077 ut
743 3006 980 3079 concedamus
997 3006 1124 3078 utilem
1146 3031 1223 3080 esse
1245 3005 1422 3099 imprimis
1447 3017 1557 3100 atque

500 3119 694 3216 ingenuam
711 3124 805 3194 hanc
821 3124 1054 3215 voluptatem,
1068 3145 1151 3215 quae
1167 3122 1269 3193 exitu
1288 3145 1407 3193 rerum
1427 3123 1557 3194 misero

500 3237 662 3321 efficitur,
686 3238 879 3331 saepissime
902 3247 1023 3308 tamen
1050 3238 1104 3318 fit,
1130 3249 1172 3309 ut
1194 3261 1278 3331 quac
1302 3261 1470 3330 prospere
1494 3239 1558 3310 de-

500 3375 600 3423 mum
618 3354 797 3438 eveniant,
815 3353 922 3425 variis
939 3364 1061 3426 tamen
1085 3355 1184 3447 prius
1206 3355 1363 3426 fortunae
1387 3351 1556 3424 fluctibus

499 3462 753 3552 impediantur,
770 3489 836 3537 nec
853 3465 921 3536 nisi
939 3476 1155 3559 tempestate
1172 3467 1235 3538 diu
1255 3469 1396 3559 jactata
1416 3489 1464 3536 ex
1481 3467 1556 3536 alto

499 3575 536 3645 in
554 3587 698 3668 portum
717 3602 754 3650 se
771 3580 956 3672 recipiant.
994 3583 1071 3652 Has
1089 3592 1210 3654 autem
1223 3607 1292 3667 res,
1304 3583 1393 3654 dum
1405 3581 1555 3652 incertae

498 3689 654 3777 fluitant,
672 3695 772 3764 omni
788 3695 863 3767 acie
880 3696 992 3767 animi
1009 3697 1237 3790 cupidissime
1260 3698 1465 3769 intuemur:
1493 3721 1556 3766 vo-

497 3809 637 3900 luptate
663 3820 785 3881 autem
810 3835 894 3904 quae
922 3812 960 3882 in
990 3813 1178 3885 affectibus
1205 3813 1352 3906 ponitur
1381 3811 1555 3883 acerrime

497 3935 802 3998 tentamur-non
816 3951 896 3998 eam
914 3928 994 3998 dico
1010 3952 1093 4021 quae
1110 3930 1211 4000 luctu
1228 3940 1266 4000 et
1278 3951 1429 4000 maerore
1444 3928 1556 3998 confi·

498 4041 602 4126 citur,
619 4042 682 4114 sed
699 4044 802 4138 cujus
819 4043 886 4115 sibi
910 4054 965 4115 est
982 4065 1083 4115 mens
1105 4047 1214 4136 probe
1237 4043 1392 4130 conscia,
1408 4043 1554 4137 quando
