3559 5575
247 515 359 585 Peren.
377 519 416 584 V.
573 520 639 585 DE
663 516 976 585 IMITATIONE.
1259 515 1303 581 6⁵

242 693 456 776 Quinetiam
472 715 517 765 es
532 695 588 766 est
604 694 767 766 omnium
788 693 946 788 poetices
967 693 1126 787 partium
1148 693 1245 764 inter
1263 715 1302 764 se

242 809 460 905 conjunctio,
478 821 521 881 ut
537 811 682 903 penitus
699 810 834 893 divelli,
846 821 885 881 et
902 833 966 902 per
983 832 1021 880 se
1038 830 1192 903 quaeque
1209 820 1302 880 trac-

243 925 315 998 tari
339 938 543 1021 nequeant:
569 937 747 1021 quantum
764 927 910 1020 poterit,
926 928 995 998 hoc
1010 925 1064 998 ita
1079 927 1158 997 fieri
1174 949 1302 1001 curan-

241 1042 332 1112 dum
349 1055 424 1116 est:
451 1044 516 1115 sed
531 1067 604 1115 non
622 1054 678 1116 est
694 1043 791 1138 quod
808 1043 888 1137 quis
905 1045 990 1137 jure
1012 1042 1174 1127 miretur,
1192 1041 1221 1112 si
1247 1041 1302 1113 di-

243 1181 356 1229 versae
373 1159 566 1254 aliquando
582 1161 620 1231 in
638 1185 677 1232 se
694 1159 849 1230 invicem
865 1159 1053 1230 incurrant
1068 1169 1200 1252 portes,
1216 1179 1301 1228 cum

242 1283 282 1345 et
298 1297 341 1346 eo
357 1298 453 1368 saepe
470 1297 535 1346 nos
552 1277 673 1348 trahat
688 1275 895 1371 argumenti
911 1299 1047 1360 cursus,
1059 1287 1098 1348 et
1112 1275 1206 1346 ratio
1221 1273 1300 1366 ipss

243 1392 413 1482 postulet.
781 1383 783 1386 ’

240 1545 246 1556 -
293 1505 320 1574 J
320 1525 380 1576 am
396 1522 493 1593 vero,
506 1529 587 1600 quae
604 1506 651 1576 ad
667 1505 863 1598 perfectam
877 1506 1037 1578 Poeticae
1053 1505 1301 1598 descriptionis

241 1630 360 1694 artem
376 1632 554 1714 spectant,
571 1621 723 1692 dicenda
743 1631 883 1693 restant
899 1622 1030 1715 eliqua.
1082 1621 1177 1690 Eam
1202 1620 1301 1713 equi-

240 1738 324 1809 dem
351 1747 478 1820 artem,
504 1749 682 1831 quantum
709 1738 747 1808 in
773 1738 935 1809 externis
959 1745 1134 1817 versatur,
1156 1735 1301 1806 tametsi

241 1853 339 1924 inter
355 1875 496 1924 summa
513 1853 638 1925 Poetae
656 1875 807 1924 munera
823 1854 957 1924 referre
981 1851 1091 1935 nolui,
1108 1851 1299 1946 elegantiae

240 1977 364 2038 tamen
388 1977 426 2040 et
447 1967 636 2040 suavitatis
658 1968 803 2040 laudem
827 1967 895 2040 sibi
918 1967 1109 2039 conciliare
1131 1978 1170 2038 et
1194 1967 1299 2038 facile

240 2085 370 2177 patior,
383 2096 422 2158 et
433 2088 527 2158 hanc
543 2087 669 2158 lubens
686 2086 762 2180 ipse
779 2086 910 2159 tribuo.
945 2085 1053 2168 Quod
1069 2084 1100 2155 si
1116 2107 1160 2155 ea
1176 2094 1299 2156 mente

240 2201 288 2271 ad
311 2211 450 2273 veteres
477 2225 543 2272 nos
568 2212 820 2274 convertamus
844 2213 981 2294 poetas,
1001 2211 1044 2278 ut
1066 2200 1196 2294 quibus
1220 2203 1299 2270 haec

239 2319 319 2388 laus
335 2317 562 2410 potissimum
585 2319 787 2401 conveniat,
805 2319 1008 2412 seligemus,
1026 2340 1098 2387 non
1120 2315 1192 2386 levi
1215 2315 1299 2387 inde

240 2432 353 2502 etism
379 2445 592 2528 argumento
614 2433 758 2524 probari
780 2455 883 2524 posse
905 2433 1044 2523 opinor,
1062 2453 1204 2523 aequam
1224 2455 1300 2502 esse

241 2553 404 2614 nostram
422 2544 468 2615 de
484 2546 552 2616 hac
565 2569 604 2616 re
617 2545 845 2616 sententiam.
879 2545 1029 2616 Etenim
1044 2545 1101 2635 (ut
1114 2567 1136 2615 a
1147 2545 1301 2640 Virgilio

242 2659 480 2747 discedamus,
505 2661 568 2752 qui
597 2660 657 2730 hic
682 2683 825 2754 quoque
849 2662 1005 2754 palmam
1030 2660 1136 2732 facile
1160 2661 1300 2732 caeteris

241 2775 442 2869 preeripuit)
469 2773 650 2849 neminem
676 2777 773 2870 apud
798 2777 950 2850 Latinos
975 2777 1174 2850 Claudiano
1198 2788 1300 2850 ante-

239 2892 428 2964 ferendum
452 2916 591 2965 censeo.
644 2892 854 2966 Proximum
877 2905 960 2986 post
982 2897 1079 2966 hunc
1100 2898 1219 2967 locum
1245 2904 1299 2965 te-

240 3018 304 3079 net
329 3008 477 3094 Statius,
503 3011 572 3081 nisi
598 3010 677 3106 quis
702 3012 795 3083 sorte
822 3011 996 3082 Ovidium
1025 3011 1140 3094 malit,
1166 3010 1298 3083 deinde

241 3123 401 3211 Italicus,
418 3125 601 3209 Lucanus,
619 3127 741 3200 caeteri
758 3126 821 3221 qui
838 3126 875 3197 in
894 3128 963 3198 hoc
982 3150 1097 3221 genus
1119 3125 1299 3198 scribendi

240 3242 392 3311 multam
409 3242 665 3335 impenderunt
682 3264 839 3335 operam.
883 3241 972 3313 Post
985 3241 1137 3313 Latinos
1154 3241 1297 3337 nequis

239 3356 392 3427 miretur
416 3379 475 3427 me
501 3356 647 3427 Graecos
668 3358 867 3428 nominare.
919 3356 1100 3439 Quoniam
1121 3356 1169 3447 (ai
1185 3354 1299 3448 Apol-

238 3472 377 3543 lonium
402 3471 640 3565 excipiamus)
662 3471 867 3565 hujusmodi
892 3471 1018 3565 gloria,
1041 3470 1298 3565 qualiscunque

238 3588 386 3661 tandem
417 3586 539 3671 fuerit,
567 3588 665 3680 apud
692 3585 913 3679 antiquiores
942 3584 1088 3657 Graecos
1118 3596 1173 3657 est
1201 3598 1298 3659 certe

239 3702 367 3774 minor.
420 3704 528 3776 Cedit
552 3704 664 3776 etiam
689 3702 727 3775 in
756 3703 823 3773 hoc
850 3698 1074 3773 Theocritus.
1127 3702 1171 3774 ln
1197 3704 1297 3776 nobi-

238 3818 380 3891 lissimis
401 3820 516 3913 poetis
532 3820 701 3913 AEsclrylo
724 3829 763 3891 et
780 3818 938 3891 Pindaro
962 3820 1096 3890 lmstra
1120 3821 1296 3913 queritur

237 3935 335 4027 quod
359 3936 544 4029 proprium
570 3935 721 4028 picturae
735 3934 932 4029 'ingenium
961 3935 1067 4027 sapit.
1118 3935 1182 4007 Fit
1206 3960 1296 4009 non-

238 4070 423 4143 nunquam
439 4053 478 4123 in
496 4052 673 4145 Euripide
689 4062 727 4122 et
744 4052 930 4143 Sophocle,
947 4062 990 4123 ut
1007 4051 1045 4121 in
1062 4054 1169 4147 hujus
1185 4052 1295 4124 Anti-

236 4188 343 4261 gone,
369 4166 407 4237 in
441 4168 537 4239 illius
568 4166 755 4260 Polyxena
784 4179 822 4237 et
846 4168 1031 4239 Alcestide
1058 4168 1292 4240 moribunda:

238 4282 301 4353 sed
319 4285 386 4354 hoc
402 4285 538 4357 nanus:
566 4295 674 4379 atque
691 4284 802 4358 etism
821 4283 878 4355 hic
899 4284 980 4376 plus
1002 4284 1159 4376 positum
1182 4286 1292 4355 estin

237 4400 504 4473 commovendis
530 4401 717 4473 affectibus
739 4420 848 4493 quarn
872 4399 911 4469 in
934 4398 990 4480 rei
1005 4398 1162 4493 imagine
1178 4398 1293 4471 nitide

773 4534 797 4583 1,
