3559 5575
993 69 1125 138 894
1732 64 1973 130 PARS
2021 63 2401 129 TERTIA
2597 65 2827 129 Pam..
2860 65 3108 131 XXX.

1168 235 1469 324 Corporis
1496 234 1770 299 arbitriis
1797 234 2054 299 hebetat
2080 233 2346 322 caligine
2373 255 2615 313 sensus,

1167 339 1591 425 Membraque
1622 336 1880 402 Circaeis
1908 337 2226 401 effeminat
2251 336 2459 400 acrius
2485 335 2732 402 herbis:

1166 439 1414 506 Blanda
1442 439 1700 527 quidem
1732 439 1974 519 vultus,
1999 439 2110 503 sed
2138 463 2269 527 qua
2295 461 2421 503 non
2452 440 2675 504 tetrius
2706 439 2837 504 ulla

1164 541 1441 607 Ultrices
1469 541 1684 606 fucata
1710 563 1930 628 genas,
1963 554 2027 605 et
2054 540 2283 604 amicta
2310 540 2543 605 dolosis

1165 643 1487 709 Illecebris
1516 656 1728 707 torvos
1758 666 1918 707 auro
1946 642 2324 709 circumlinit
2349 642 2606 731 hydros

1165 745 1289 811 Illa
1317 745 1719 833 voluptatum
1749 744 1986 809 multos
2014 744 2299 810 innexuit
2323 745 2559 810 hamis:

1160 848 1258 912 Te
1284 867 1614 934 nunquam
1643 860 1870 911 conata
1896 846 2088 933 capit.
2288 849 2560 911 CLAtm.
2590 845 2827 911 XXII.
2862 848 3019 911 132.

993 1049 1301 1145 Ecquod
1334 1073 1502 1121 vero
1534 1048 1653 1119 hic
1700 1058 2099 1119 monstrum
2144 1047 2458 1118 luxuriae
2503 1046 2884 1143 pingitur?
2942 1047 3104 1117 Foe-

993 1166 1191 1237 mina
1216 1160 1582 1251 nimirum,
1590 1161 1944 1257 jucunda
1949 1162 2247 1260 fronte,
2269 1160 2569 1234 hebetat
2587 1184 2851 1233 sensus
2876 1159 3103 1232 homi-

992 1304 1168 1352 num
1219 1277 1545 1375 caligine
1565 1307 1590 1362 ,·
1613 1280 1901 1376 ficata
1941 1301 2211 1373 genas,
2260 1291 2337 1351 et
2386 1277 2657 1350 amicta
2709 1275 3100 1361 illecebris,

992 1405 1237 1468 torvos
1267 1403 1650 1492 serpentes·
1681 1418 1873 1467 auro
1898 1391 2350 1468 circumlinit
2371 1427 2396 1478 ‚-
2435 1407 2511 1468 et
2536 1396 2832 1467 tandem
2857 1393 3101 1466 hamah

988 1516 1361 1607 plerosque
1396 1512 1806 1585 mortalium
1842 1537 2097 1608 capere
2130 1525 2453 1586 conatur.

1091 1628 1373 1701 Pariter
1438 1629 1853 1721 importuna
1920 1641 2091 1703 sunt
2151 1654 2237 1701 ea
2294 1629 2554 1726 quibus
2609 1627 3098 1699 Theodosium

990 1744 1179 1816 Diva
1212 1744 1262 1814 J
1264 1744 1513 1817 ustitia
1547 1746 1823 1829 suadet,
1859 1756 1944 1818 ut
1982 1747 2452 1818 Consulatum
2486 1744 2841 1836 suscipere
2875 1743 3071 1814 velit.

1165 1899 1392 1962 Nonne
1421 1897 1617 1976 videS,
1647 1911 1722 1962 ut
1752 1912 1969 1962 nostra
1997 1921 2171 1962 soror
2203 1897 2554 1963 Clementia
2582 1897 2790 1963 tristes

1164 2000 1500 2065 Obtundat
1527 1999 1804 2086 gladios:
1852 2001 2207 2087 fratresque
2234 1999 2528 2087 amplexa
2553 2023 2800 2065 serenos

1162 2105 1472 2189 Assurgat
1501 2102 1746 2167 Pietas:
1795 2102 2009 2167 fractis
2034 2116 2106 2167 ut
2135 2102 2352 2189 lugeat
2379 2102 2569 2166 armis

1084 2271 1094 2281 ,
1161 2203 1461 2280 Perfidia,
1491 2220 1556 2268 et
1582 2203 1800 2268 laceris
1830 2203 2165 2268 morientes
2193 2203 2472 2268 crinibus
2499 2202 2689 2290 hydri

1161 2306 1484 2371 Lambant
1510 2305 1788 2370 invalido
1817 2304 2158 2380 Furiarum
2187 2305 2391 2370 vincla
2420 2308 2704 2369 veneno?

1158 2407 1432 2473 Exultat
1459 2431 1605 2472 cum
1637 2411 1803 2473 Pace
1834 2408 2050 2472 Fides.
2301 2400 2570 2472 Ciani).
2600 2408 2828 2472 XVII.
2853 2406 3009 2473 166.

986 2541 1181 2611 Mira
1230 2542 1348 2614 hic
1398 2554 1507 2614 est
1550 2567 1792 2615 rerum
1843 2544 2188 2617 confusio.
2289 2544 2339 2614 J
2343 2563 2681 2615 UST1T1A
2713 2543 2907 2615 enim
2941 2546 3098 2638 ipsa

893 2719 907 2728 .
986 2660 1383 2744 mortalem,
1428 2670 1775 2753 tanquam
1829 2684 1923 2732 ex
1975 2662 2329 2748 machina,
2377 2652 2703 2733 invisisse
2751 2663 3094 2757 fingitur:

984 2788 1156 2848 mox
1180 2786 1424 2848 autem
1459 2776 1658 2848 aliud
1689 2778 2058 2849 oculorum
2091 2777 2482 2851 ludibrium
2511 2778 2925 2872 praetendit,
2951 2803 3096 2873 quo

985 2893 1410 2984 prudentem
1464 2895 1695 2989 virum
1760 2918 1805 2965 a
1853 2894 2162 2990 negotiis
2213 2895 2525 2966 alienum
2577 2896 2672 2966 ad
2724 2897 3098 2968 consulare

983 3031 1244 3079 munus
1277 3008 1687 3082 obeundum
1723 3012 2072 3081 hortetur.

1083 3124 1534 3198 Permultum
1588 3137 1829 3197 tamen
1885 3126 2204 3208 interest,
2256 3135 2504 3197 utrum
2551 3128 2828 3221 justam
2887 3128 3097 3218 quasi

982 3238 1202 3308 oculis
1251 3238 1635 3331 picturam,
1667 3251 1742 3313 et
1775 3262 1929 3311 rem
1961 3240 2204 3310 fictam
2240 3241 2533 3312 omnino
2565 3238 2891 3311 veritatis
2932 3240 3098 3310 loco

982 3351 1293 3445 objicias,
1328 3365 1414 3427 ut
1445 3356 1520 3425 in
1556 3358 1900 3449 praeclaro
1939 3355 2232 3428 Horatii
2264 3357 2603 3439 carmine,

1324 3484 1383 3547 Ο
1416 3484 1590 3548 navis
1619 3486 1893 3550 referent
1919 3485 1984 3549 in
2016 3508 2188 3550 mare
2218 3500 2282 3550 te
2313 3486 2460 3551 novi

1326 3582 1615 3664 Fluctua,

977 3716 1070 3764 an
1122 3698 1539 3789 metaphora
1578 3694 1845 3793 palam
1892 3700 2117 3772 utaris
2166 3724 2333 3795 quae
2378 3724 2542 3772 cum
2577 3723 2656 3770 re
2691 3699 2981 3791 propria
3014 3701 3093 3770 in

976 3833 1200 3881 unum
1237 3813 1580 3906 orationis
1615 3839 1871 3908 corpus
1904 3818 2276 3890 coalescat.
2333 3814 2478 3887 Hic
2503 3814 2720 3898 enim,
2744 3814 3092 3908 quoniam

976 3927 1175 3997 nulla
1206 3928 1622 4002 obtenditur
1654 3931 1871 4014 fraus,
1896 3929 2078 4001 nihil
2113 3932 2374 4016 obstat,
2400 3951 2543 4023 quo
2575 3928 2816 4000 minus
2849 3928 3092 4000 subito
