3559 5575
465 77 530 145 262
806 72 929 139 PARS
951 71 1173 137 SECUNDA
1305 70 1418 135 Pam.
1434 72 1533 135 ΚΧ(

465 255 618 324 alterum
635 256 850 333 transeatur,
866 268 1007 318 summo
1024 244 1138 317 veluti
1153 243 1193 314 in
1208 243 1357 336 pulvere
1376 242 1524 339 signan-

465 356 526 440 tur
542 364 706 460 vestigia,
722 373 760 435 et
775 361 871 433 inter
888 360 1136 432 cursitandum
1152 368 1317 452 pereunt.

517 479 641 549 Habet
648 475 761 565 ‚etiam
779 497 851 545 non
870 473 1060 544 minimum
1077 472 1244 565 ponderis
1260 472 1298 542 in
1315 473 1522 567 hujusmodi

466 592 663 688 quaestione
686 591 783 685 quod
805 589 941 681 optime
961 590 1006 661 ab
1022 588 1220 660 Aristotele
1236 588 1283 659 de
1300 588 1362 659 Ira
1377 597 1432 659 ert
1448 588 1523 660 dic·

466 720 568 780 tum:
593 730 680 778 nam
705 706 812 776 sicuti
836 704 1019 777 hominem
1045 727 1128 775 cum
1153 698 1317 797 unguas
1340 726 1413 775 non
1438 726 1522 773 cum

467 820 640 894 aninmo
660 842 803 915 genere
819 819 926 891 irasci
941 829 1094 903 constat,
1111 819 1163 890 ita
1179 819 1219 889 in
1236 818 1437 891 miserendo
1453 819 1486 889 si
1501 842 1524 889 a

468 938 617 1033 singulis
630 937 677 1008 ad
690 938 833 1007 turbam
846 934 1054 1022 disceditur,
1067 934 1265 1006 obstruitur
1277 934 1397 1027 potius
1409 935 1525 1025 bory-

469 1075 610 1150 marum
626 1053 706 1123 fons
724 1073 833 1144 quam
851 1050 997 1121 uberius
1014 1049 1235 1131 effandum
1251 1048 1384 1121 sensim
1400 1060 1525 1119 autem

470 1170 527 1239 vel
543 1168 582 1238 in
598 1166 707 1238 alieni
723 1167 864 1261 generis
879 1166 1049 1236 affectum
1066 1164 1245 1247 ducimur,
1256 1166 1316 1235 vel
1326 1164 1525 1237 affectuum

469 1286 547 1355 loco
565 1284 661 1354 subit
678 1281 876 1375 phantasiae
893 1280 948 1351 vis
964 1289 1028 1351 aut
1044 1279 1193 1351 rationis
1210 1304 1305 1351 usus.

521 1398 684 1490 Ecquem
697 1397 806 1481 enim,
820 1408 862 1467 ut
874 1418 923 1466 ex
934 1395 1088 1467 finitima
1105 1410 1184 1466 arte
1200 1395 1386 1466 trahamus
1400 1417 1525 1466 exem-

471 1514 583 1604 plum,
596 1535 718 1607 pugna
735 1521 840 1581 atrox
857 1510 894 1580 in
913 1510 1064 1602 pictura,
1078 1519 1183 1581 tanta
1194 1510 1229 1580 vi
1244 1520 1375 1593 movet,
1387 1522 1525 1604 quanta

472 1627 577 1697 unius
602 1626 669 1697 viri
694 1649 789 1696 mors
813 1625 936 1717 paucis
962 1626 1069 1697 modo
1098 1625 1324 1697 adstantibus
1352 1625 1523 1718 depicta?

471 1739 588 1834 Atqui
601 1741 687 1811 siex
697 1740 750 1811 rei
763 1740 874 1832 ipsius
887 1750 1018 1811 natura
1025 1740 1262 1835 judicandum
1273 1740 1526 1833 esset,siquod

472 1857 604 1940 dolore,
634 1865 745 1937 metu,
771 1867 809 1925 et
838 1856 1012 1950 sanguine
1042 1856 1241 1927 abundaret
1267 1856 1363 1926 idem
1391 1855 1525 1927 idcirco

472 1972 610 2043 tristius
633 1970 932 2053 existimaremus,
948 1983 986 2041 et
1003 1971 1051 2041 ad
1067 1994 1129 2042 cor
1145 1971 1376 2042 molliendum
1393 1970 1525 2063 aptius,

473 2088 561 2182 quid
583 2109 742 2181 unquam
763 2085 887 2179 proelio
911 2086 1109 2182 excogitari
1130 2098 1249 2179 posset
1265 2085 1523 2181 praestantius?

473 2204 536 2273 ubi
553 2213 609 2274 tot
625 2201 689 2273 leti
709 2211 1014 2297 genera-tantus
1037 2202 1197 2295 undique
1219 2203 1421 2274 animorum
1445 2224 1525 2271 cru-

473 2318 588 2389 ciatus
613 2327 650 2388 et
673 2318 1073 2409 corporum-membra
1094 2318 1189 2389 foede
1210 2317 1334 2401 incisa,
1351 2327 1388 2389 et
1404 2317 1526 2388 dolore

474 2434 834 2526 contorta-juvenes
857 2432 920 2503 alii
941 2432 1056 2525 primo
1078 2432 1166 2504 flore
1182 2434 1301 2505 aetatis
1317 2432 1527 2525 interempti

473 2546 584 2617 -alii
604 2548 682 2639 jam
705 2570 815 2639 prope
837 2546 875 2617 in
898 2547 1049 2618 articulo
1069 2548 1205 2632 mortis,
1221 2572 1295 2632 ore,
1311 2547 1433 2634 oculis,
1452 2571 1527 2619 ms·

474 2664 578 2733 nibus
595 2670 737 2733 orantes
755 2662 1070 2734 clementiam—et
1086 2663 1238 2736 victores
1260 2664 1363 2735 fatali
1379 2665 1527 2735 vulnere

473 2778 678 2874 gestientes.
713 2776 795 2850 Hoc
812 2786 935 2849 autem
952 2790 1217 2873 argumentum,
1230 2803 1436 2874 quanquam
1453 2779 1527 2873 pic·

473 2904 566 2964 turae
592 2891 738 2963 omnino
764 2892 954 2964 conveniat
970 2893 1086 2964 varios
1108 2917 1296 2987 corporum
1314 2905 1352 2967 et
1368 2894 1529 2967 brachio-

473 3032 554 3080 rum
580 3008 695 3080 flexus
720 3009 854 3101 iraeque
877 3018 915 3078 et
937 3017 1055 3079 metus
1080 3009 1214 3081 indicia
1237 3033 1427 3102 exponere,
1445 3033 1529 3102 quae

475 3122 596 3194 omnia
611 3122 650 3193 in
670 3123 803 3214 proeliis
826 3132 912 3193 sunt
929 3122 1099 3205 maxima,
1117 3123 1180 3194 vix
1205 3135 1327 3195 tamen
1352 3123 1529 3218 ejusmodi

474 3248 540 3320 est,
566 3247 608 3307 ut
634 3239 742 3309 corda
769 3238 929 3310 emolliat
953 3238 1205 3329 spectantium,
1228 3250 1266 3311 et
1287 3239 1360 3310 leui
1384 3240 1530 3331 perfusa

475 3352 659 3443 voluptate
676 3352 847 3424 dimittat.
882 3352 980 3434 Quin
997 3354 1150 3424 fidenter
1166 3356 1235 3425 hoc
1249 3354 1417 3439 dixerim,
1428 3377 1528 3424 men·

475 3476 549 3537 tem
581 3466 731 3558 alicujus
761 3468 816 3537 vel
847 3468 1075 3540 mediocriter
1102 3469 1159 3540 his
1184 3469 1321 3541 artibus
1350 3470 1528 3553 instructi,

476 3581 590 3675 magis
616 3580 722 3652 unius
740 3581 806 3651 viri
824 3593 888 3654 aut
905 3584 1064 3655 foeminae
1080 3584 1232 3656 fortunis
1250 3586 1398 3671 moveri,
1413 3586 1529 3679 qualis

476 3707 531 3769 est
551 3695 731 3768 Ciceronis
754 3719 859 3780 mors,
883 3709 948 3770 aut
968 3699 1169 3795 iphigeniae
1194 3711 1279 3773 ante
1303 3724 1404 3772 aram
1435 3725 1530 3773 mac-

476 3822 576 3893 tstae,
593 3835 701 3904 quam
719 3821 838 3906 strage
855 3837 898 3883 ac
915 3814 1121 3885 vulneribus
1139 3817 1334 3886 multorum
1352 3816 1516 3888 millium.

526 3929 633 4010 Quod
650 3928 680 4000 si
700 3928 840 4021 pictura
862 3928 941 4021 ipsa
958 3930 1010 4023 (in
1035 3953 1107 4023 qua
1131 3933 1245 4003 mults
1266 3931 1378 4003 oculis
1403 3933 1529 4004 eodem
