3559 5575
358 113 582 178 Ρω..
618 112 858 179 xxv.
1009 112 1142 177 DE
1187 111 1819 178 AFFECTIBUS.
1867 61 1872 64 ’
2341 115 2473 183 517

357 286 597 369 Quem
631 285 810 357 adeo
843 307 989 356 non
1025 297 1318 357 movent
1352 287 1530 358 mite
1561 286 1743 357 illud
1769 284 2046 357 Priami
2076 285 2475 380 ingenium,

355 413 434 474 et
453 403 1000 474 Andromaches
1033 412 1355 494 spectata
1390 403 1619 494 pietas
1653 412 1729 473 et
1761 426 2108 499 generosa
2139 403 2476 475 Hectoris

358 517 611 601 virtuS,
647 529 732 590 ut
765 541 1013 588 eorum
1047 519 1281 590 verbis
1333 517 1553 589 etiam
1607 519 2102 615 benigniorem
2155 528 2476 590 mentem

356 635 703 727 praebeat‚
737 657 957 726 quam
992 657 1122 726 pro
1159 658 1355 706 mera
1389 657 1629 705 rerum
1667 658 1829 728 quoe
1862 636 2205 707 dicuntur
2238 634 2476 729 digni-

355 758 509 821 tate
530 749 566 819 Ρ
632 748 830 831 Quid
863 771 1032 820 vero
1052 749 1088 819 Ρ
1148 748 1352 819 Num
1393 750 1522 820 filii
1551 750 1630 820 in
1661 747 1940 843 patrem
1976 760 2105 822 aut
2139 749 2364 843 patris
2397 750 2474 819 in
2589 730 2598 737 ⁵

355 864 590 934 filium
624 864 973 956 pietatem
1007 879 1157 935 tam
1195 865 1458 935 diserte
1492 866 1804 958 exprimi
1835 866 2150 959 potuisse
2183 866 2479 937 creden-

358 981 538 1051 dum
574 990 710 1066 est,
743 1002 959 1072 quam
996 1003 1092 1050 ex
1124 979 1376 1050 AEneae
1411 989 1538 1050 aut
1576 981 1903 1052 Evandri
1935 1005 2057 1053 ore
2076 982 2113 1051 Ρ

536 1112 634 1175 Et
659 1133 784 1188 me,
815 1132 1004 1197 quem
1036 1109 1283 1174 dudum
1312 1132 1440 1174 non
1470 1109 1601 1174 ulla
1625 1111 1858 1198 injecta
1884 1111 2222 1176 movebant

535 1210 715 1289 Tela,
745 1234 952 1298 neque
982 1211 1246 1276 adverso
1272 1210 1603 1300 glomerati
1634 1236 1713 1276 ex
1743 1212 1997 1301 agmine
2026 1212 2245 1287 Graii;

536 1315 730 1379 Nunc
757 1336 976 1377 omnes
1006 1327 1243 1378 terrent
1270 1337 1469 1394 aurae,
1503 1338 1694 1378 sonus
1721 1315 1955 1380 excitat
1985 1314 2189 1378 omnis

536 1416 949 1503 Suspensum,
982 1428 1045 1479 et
1075 1414 1310 1503 pariter
1342 1416 1684 1503 comitique
1711 1416 2016 1502 onerique
2045 1415 2388 1481 timentem.

1910 1519 2070 1582 ΕΝ.
2108 1519 2205 1581 11.
2242 1516 2387 1586 726.

362 1647 563 1718 Tum
612 1654 861 1739 postea
910 1643 1001 1715 de
1048 1643 1383 1715 ludorum
1432 1644 1955 1718 instauratione
2005 1647 2097 1718 ob
2130 1645 2477 1719 Anchisae

366 1763 611 1848 funus,
2464 1765 2466 1768 ⁴

539 1900 818 1984 Jamque
846 1895 980 1961 dies
1007 1895 1071 1960 ni
1101 1895 1285 1962 fallor
1313 1896 1513 1973 adest,
1544 1920 1733 1984 quem
1765 1920 2013 1985 semper
2039 1898 2360 1978 acerbum,

543 2002 805 2087 Semper
830 1998 1233 2076 honoratum,
1265 1998 1351 2063 sic
1381 1999 1470 2064 Di
1500 1998 1806 2078 voluistiS,
1835 2000 2101 2065 habebo,

1539 2110 1545 2114 “
1985 2102 2147 2165 AEN.
2179 2104 2258 2168 V.
2289 2106 2391 2173 49.

367 2230 695 2303 Evandri
729 2239 973 2302 autem
1008 2253 1255 2323 preces
1288 2239 1635 2325 quantam
1670 2254 1763 2301 ex
1816 2230 2129 2301 moribus
2177 2230 2480 2303 dicentis

356 2351 519 2444 jam
551 2357 721 2420 ante
756 2346 1064 2442 cognitis
1097 2357 1552 2419 venustatem
1588 2346 1930 2418 trahunt!

543 2489 642 2550 At
671 2507 806 2561 vos,
839 2485 898 2548 Ο
933 2482 1186 2570 Superi,
1218 2496 1281 2547 et
1310 2482 1553 2548 Divfim
1590 2496 1659 2547 tu
1690 2482 1963 2547 maxime
1990 2497 2195 2549 rector

542 2586 873 2674 Juppiter,
907 2584 1171 2649 Arcadii
1202 2609 1418 2672 quaeso
1445 2584 1820 2649 miserescite
1848 2584 2038 2672 regis,

542 2692 637 2755 Et
665 2689 900 2778 patrias
928 2689 1144 2754 audite
1173 2713 1405 2778 preces.
1501 2689 1566 2754 Si
1597 2690 1863 2755 numina
1890 2704 2096 2755 vestra

545 2792 938 2857 Incolumem
968 2792 1259 2858 Pallanta
1287 2793 1464 2872 mihi,
1493 2792 1542 2857 si
1571 2793 1703 2858 fata
1730 2808 2087 2868 reservant;

549 2894 618 2958 Si
649 2894 898 2957 visurus
926 2917 1072 2957 eum
1102 2894 1272 2972 vive,
1303 2909 1365 2959 et
1395 2908 1703 2960 venturus
1728 2895 1796 2958 in
1826 2917 2064 2959 unum:

547 2995 760 3060 Vitam
789 3017 935 3058 oro:
983 2995 1189 3081 patiar
1215 2996 1502 3081 quemvis
1531 2996 1761 3061 durare
1790 2981 2092 3060 laborem.

551 3095 661 3162 Sin
693 3096 968 3183 aliquem
997 3096 1329 3160 infandum
1360 3120 1598 3174 casum,
1629 3099 1943 3174 Fortuna,
1973 3095 2267 3170 minan-in

545 3200 612 3264 N
617 3222 739 3264 unc
769 3200 829 3264 Ο
860 3220 1029 3262 nunc
1059 3196 1242 3263 liceat
1267 3198 1584 3263 crudelem
1616 3198 1994 3285 abrumpere
2024 3197 2251 3264 vitam:

545 3302 723 3367 Dum
754 3324 927 3367 curae
955 3300 1297 3389 ambiguae,
1329 3301 1486 3367 dum
1517 3324 1659 3389 spes
1688 3301 1926 3367 incerta
1952 3300 2192 3375 futuri3

545 3406 722 3471 Dum
755 3420 840 3484 te,
873 3427 1013 3469 care
1044 3427 1226 3491 puer,
1261 3428 1400 3469 mea
1428 3427 1566 3469 sera
1593 3427 1667 3469 ac
1696 3404 1828 3469 sola
1856 3404 2169 3491 voluptas,

547 3506 901 3594 Complexu
926 3520 1125 3571 teneo.
1823 3505 1977 3571 AEN.
2011 3507 2215 3572 VIII.
2246 3508 2393 3575 572.

376 3636 696 3708 Multum
733 3638 927 3707 haud
960 3636 1176 3708 dubie
1211 3638 1487 3710 confert
1522 3638 1616 3710 ad
1651 3636 2189 3710 Sententiarum
2215 3638 2388 3721 vim,
2421 3638 2484 3709 si

375 3777 541 3825 cum
587 3753 850 3825 affectu
898 3753 1207 3847 quodam
1243 3754 1655 3827 vehementi
1690 3765 1767 3826 et
1800 3765 2001 3828 motu
2047 3754 2273 3826 animi
2316 3755 2486 3826 effe-

375 3879 670 3950 rantur3
722 3869 916 3962 quod
967 3870 1306 3963 profecto,
1356 3870 1496 3941 nisi
1544 3872 1958 3964 loquentem
2014 3870 2328 3965 aliquem
2376 3869 2487 3939 in-

377 3985 597 4056 ducas
621 3983 1057 4078 jampridem
1085 4009 1180 4056 ex
1202 3986 1444 4056 fabula
1468 3996 1748 4068 notum,
1773 3986 2146 4057 commode
2180 3982 2334 4054 fieri
2360 3983 2488 4054 vix
