3559 5575
1023 93 1156 161 362
1691 91 1956 154 .PARS
2005 88 2384 154 TERTIA
2516 89 2745 151 Pam..
2779 88 3177 153 XXVIII.

1024 272 1175 341 losa
1222 278 1401 339 oetas
1450 265 1776 348 credidit,
1804 263 2185 335 ‚neminem
2237 274 2480 334 tamen
2534 286 2622 333 eo
2669 263 3175 334 Phantasiam

1025 385 1389 456 dimittere
1423 381 1887 476 frigidiorem.
1942 380 2353 462 Quod.cum
2389 378 2548 448 aliis
2582 403 2679 449 ex
2712 380 2955 450 causis
2995 392 3169 450 tum

1024 525 1115 572 ex
1154 501 1288 570 hoc
1320 522 1460 569 non
1500 497 1881 566 minimum
1917 495 2184 579 evenit,
2218 494 2414 587 quod
2447 494 2677 589 digito
2711 497 2866 588 ipse
2900 497 3172 566 omnia

1026 627 1421 687 monstrare
1490 613 1718 696 malit,
1774 635 1994 705 quam
2061 609 2345 681 lectoris
2395 610 2689 706 ingenio
2746 613 3167 707 quidquam

1024 733 1465 826 permittere.

1124 849 1340 932 Quod
1372 846 1432 918 si
1464 846 1539 917 in
1576 843 1824 916 leviori
1857 842 2238 913 numinum
2273 865 2536 936 genere
2563 852 2890 915 versetur
2925 847 3164 937 scrip-

1025 976 1162 1047 tor,
1196 965 1391 1058 quod
1416 961 1543 1032 vix
1575 971 1703 1031 aut
1736 983 1829 1030 ne
1864 958 1991 1028 vix
2024 956 2315 1051 quidem
2352 958 2641 1029 homine
2677 960 3157 1050 praestantius

1026 1081 1465 1174 perhibetur,
1517 1080 1609 1148 ab
1667 1086 2003 1148 accurata
2051 1076 2187 1144 hac
2214 1097 2459 1165 ,opera
2514 1097 2976 1168 nequaquam
3038 1099 3157 1146 res

1026 1196 1477 1270 abhorrebit:
1507 1195 1739 1288 quale
1773 1204 1885 1264 est
1916 1191 2098 1262 illud
2142 1189 2301 1261 Silii
2347 1189 2438 1261 de
2474 1190 2697 1274 Pane,
2732 1191 2930 1262 felici
2976 1215 3155 1262 sane

1025 1313 1317 1422 ingenio
1351 1312 1813 1382 elaboratum.

1202 1521 1338 1582 Pan
1368 1518 1538 1580 Jove
1568 1515 1794 1579 missus
1823 1529 1980 1594 erat,
2014 1515 2246 1580 servari
2277 1529 2442 1580 tecta
2467 1515 2715 1582 volente

1200 1618 1418 1696 Troia,
1438 1618 1747 1706 pendenti
1776 1619 2010 1682 similis
2040 1619 2190 1681 Pan
2219 1640 2487 1706 semper,
2518 1633 2582 1684 et
2609 1620 2740 1684 imo

1202 1722 1325 1787 Vix
1356 1721 1488 1786 ulla
1516 1721 1862 1786 inscribens
1891 1736 2076 1786 terrae
2109 1722 2371 1809 vestigia
2400 1745 2615 1787 cornu.

1200 1827 1482 1890 Dextera
1511 1823 1751 1888 lascivit
1780 1847 1940 1888 caesa
1971 1824 2323 1910 Tegeatide
2352 1847 2562 1912 capra,

1118 1941 1122 1945 ’
1203 1927 1482 1992 Verbera
1509 1926 1654 1991 laeta
1683 1949 1939 1991 movens
1968 1926 2130 1990 festa
2157 1948 2271 2013 per
2299 1927 2576 2015 compita
2599 1928 2819 1992 cauda.

1206 2030 1423 2118 cingit
1449 2043 1637 2094 acuta
1663 2051 1873 2093 comas
1901 2042 1965 2092 et
1992 2041 2216 2115 opacat
2247 2016 2533 2116 tempora
2559 2030 2788 2117 pinus:

1207 2139 1294 2200 At
1314 2156 1511 2222 parva
1538 2147 1883 2220 erumpunt
1908 2131 2265 2196 rubicunda
2286 2155 2524 2196 cornua
2549 2133 2788 2197 fronte:

1206 2240 1391 2302 Stant
1418 2258 1623 2315 aures,
1652 2234 1907 2321 imoque
1936 2233 2102 2297 cadit
2126 2234 2326 2298 barba
2352 2234 2600 2322 hispida
2629 2250 2861 2299 mento,

1204 2337 1526 2402 Pastorale
1555 2339 1700 2402 Deo
1727 2335 2048 2414 baculum,
2081 2335 2386 2423 pellisque
2416 2337 2734 2402 sinistrum

1204 2438 1388 2503 Velat
1414 2453 1600 2525 grata
1626 2437 1793 2502 latus
1820 2453 2052 2502 tenerae
2082 2436 2163 2501 de
2191 2461 2454 2526 corpore
2482 2437 2708 2503 damoe.

1202 2540 1400 2604 Nulla
1428 2541 1492 2603 in
1525 2555 1921 2626 praeruptum
1955 2554 2081 2604 tam
2111 2562 2311 2627 prona
2339 2556 2403 2605 et
2433 2540 2748 2629 inhospita
2773 2555 3011 2617 cauteS,

1204 2643 1283 2707 In
1311 2665 1441 2728 qua
1470 2663 1617 2721 non,
1652 2640 1887 2705 librans
1914 2665 2164 2728 corpuS,
2197 2643 2537 2730 similisque
2567 2643 2824 2721 volanti,

1206 2742 1627 2832 Cornipedem
1662 2742 1877 2809 tulerit
1906 2745 2171 2832 praecisa
2198 2768 2312 2833 per
2341 2747 2483 2811 avia
2511 2745 2813 2834 plantam.

1205 2848 1540 2913 Interdum
1571 2847 1863 2926 inflexuS,
1893 2848 2104 2912 medio
2132 2850 2450 2914 nascentia
2478 2865 2657 2937 tergo

1205 2952 1492 3040 Respicit
1519 2951 1803 3016 arridens
1830 2950 2014 3015 hirtae
2044 2951 2321 3017 ludibria
2347 2953 2590 3017 caudae.

1207 3054 1704 3142 Obtendensque
1733 3075 1992 3118 manum
2024 3053 2216 3117 solem
2248 3054 2659 3133 infervescere
2686 3053 2881 3118 fronti

1204 3160 1425 3236 Arcet,
1455 3172 1520 3222 et
1551 3157 1843 3251 umbrato
1871 3156 2214 3244 perlustrat
2241 3180 2475 3245 pascua
2503 3157 2665 3222 visu.

2492 3263 2624 3325 Su..
2659 3260 2869 3325 XIII.
2899 3258 3053 3325 326.

1129 3510 1505 3603 Optimum
1534 3523 1785 3584 contra
1809 3513 2100 3609 Virgilii
2126 3527 2201 3586 et
2225 3516 2725 3611 gravissimum
2760 3517 2970 3588 estin
3006 3519 3142 3589 hac

1028 3652 1107 3700 re
1155 3626 1560 3721 judicium;
1614 3629 1842 3724 magis
1897 3629 2169 3702 scilicet
2221 3634 2560 3717 curanti8‚
2612 3645 2696 3704 ut
2746 3634 2966 3726 quod
2989 3633 3142 3725 ipse

1029 3753 1408 3838 praetereat
1442 3768 1571 3817 nos
1604 3746 1797 3817 ultro
1830 3747 2251 3841 cogitemuS,
2287 3772 2505 3842 quam
2541 3760 2624 3820 ut
2649 3750 2913 3820 diserte
2950 3750 3143 3820 dicat

1028 3863 1181 3955 ipse
1239 3860 1581 3956 quicquid
1639 3863 2034 3957 cogitatum
2092 3865 2286 3935 velit.
2391 3867 2682 3948 Quanto
2748 3866 3145 3937 efficaciora

1028 3978 1190 4047 ideo
1224 3988 1395 4050 sunt
1425 3977 1549 4066 illa
1581 3976 1832 4051 AEneae
1864 3978 2099 4052 Deam
2138 3989 2442 4052 matrem
2477 4004 2520 4051 a
2565 4005 2639 4053 se
2682 3991 3141 4076 conspectam
