3559 5575
472 566 494 630 6
754 541 1044 628 nnncncmo
1067 562 1237 627 carme.

471 761 553 812 rum
570 739 703 810 famam
720 737 811 808 odeo
826 760 900 810 non
922 736 1078 810 abolevit
1093 746 1196 824 atas,
1211 747 1255 808 ut
1272 737 1388 832 maior
1408 737 1525 810 indies

472 866 581 949 atque
597 853 769 926 illustrior
785 853 923 926 enitere
938 853 1115 926 videatur.

523 969 690 1062 Namque
718 978 760 1041 ut
791 969 946 1063 reliquos
974 992 1100 1042 omnes
1127 977 1342 1062 praeteream
1370 991 1525 1063 quorum

472 1109 580 1178 opera
597 1107 782 1177 nunquam
797 1084 934 1176 publici
947 1083 1095 1157 fuerunt
1106 1083 1211 1178 juris,
1223 1093 1334 1178 atque
1350 1095 1394 1156 ut
1405 1085 1526 1156 ordiar

473 1202 518 1274 de
541 1201 602 1273 illo
622 1201 754 1288 dicere,
770 1200 834 1295 qni
853 1212 1003 1274 ceteros
1027 1201 1147 1272 aetatis
1171 1199 1297 1272 ordine
1321 1202 1525 1286 antecessit,

472 1316 609 1390 nemini
625 1317 784 1390 vestrim
810 1317 975 1413 ignotum
1000 1341 1078 1390 esse
1099 1316 1264 1400 arbitror,
1280 1327 1419 1411 quanta
1438 1317 1525 1390 olim

472 1433 678 1506 celebritate
701 1457 744 1506 ac
762 1432 966 1528 frequcmm
985 1432 1047 1505 ille
1064 1433 1230 1525 ‘primus
1251 1432 1291 1504 iu
1313 1435 1382 1504 hac
1402 1444 1525 1506 nostra

472 1549 668 1624 Academia
684 1551 930 1645 praelectiones
953 1549 1080 1621 habuit
1096 1550 1142 1621 de
1165 1546 1264 1620 omni
1285 1572 1418 1646 genere
1435 1550 1526 1624 Poe-

472 1665 574 1738 ticae:
605 1678 742 1763 quanto
766 1678 888 1741 autem
914 1666 1168 1740 humaniorum
1196 1665 1383 1738 literarum
1411 1665 1526 1739 incre·

472 1793 606 1865 mento,
623 1782 735 1876 ipsius
758 1783 893 1876 scripta
908 1784 987 1877 jam
1009 1781 1049 1852 in
1071 1781 1238 1854 manibus
1258 1781 1421 1854 omnium
1438 1781 1527 1854 trite

472 1921 515 1970 ac
531 1901 743 1994 pervulgata
759 1897 845 1970 satis
862 1907 1052 1970 testantur.
1104 1897 1175 1970 Est
1191 1898 1252 1970 illc
1267 1897 1415 1992 quidem
1431 1899 1526 1992 stylo

472 2013 611 2085 lucidus
628 2012 941 2108 etaequabilis,1ei
953 2012 1068 2109 magis
1078 2013 1241 2086 intentus
1257 2036 1368 2108 quam
1382 2015 1526 2088 aurium

472 2131 660 2225 voluptati.
711 2131 804 2214 Quae
829 2129 1011 2225 praecipue
1033 2129 1074 2201 in
1095 2131 1165 2202 hac
1186 2145 1265 2202 arte
1284 2130 1446 2204 notanda
1460 2143 1525 2204 aut

472 2247 661 2340 praeceptis
688 2247 862 2319 trmienda
879 2246 1172 2330 viderenturne
1193 2245 1294 2318 brevi
1317 2249 1525 2340 complexus

472 2377 538 2448 est,
556 2375 664 2460 atque
687 2366 937 2457 exemplorum
960 2363 1063 2456 copia
1083 2362 1289 2446 illustravit,
1305 2373 1348 2435 ut
1364 2364 1525 2458 apprime

472 2480 519 2554 sit
531 2480 631 2556 utilis
647 2504 730 2556 oum
748 2481 793 2554 ed
811 2480 972 2552 acuenda
989 2479 1270 2552 adolescentium
1286 2477 1431 2574 ingenia
1444 2494 1524 2557 tum

471 2600 519 2670 ad
536 2599 743 2671 memoriam
761 2597 1055 2670 confirmandam.
1092 2595 1200 2678 Quod
1216 2594 1249 2666 si
1263 2605 1320 2666 est
1335 2597 1443 2687 paulo
1458 2597 1526 2668 du·

471 2714 544 2786 rior
560 2715 763 2809 aliquando,
781 2713 811 2784 si
828 2712 977 2808 frigidas
994 2733 1254 2805 nonnunquam
1270 2709 1424 2804 ineptias
1442 2735 1525 2806 cap·

472 2831 586 2913 tetri
609 2830 793 2902 interdum
811 2831 870 2900 vel
894 2851 1023 2921 parum
1040 2827 1174 2901 Latine
1199 2827 1309 2920 loqui,
1330 2828 1523 2902 autetiam

472 2945 608 3039 aliquid
624 2944 845 3017 scholasticae
862 2944 1052 3017 vetustatis
1069 2968 1193 3037 sapere
1211 2943 1388 3030 videatur,
1400 2954 1441 3019 at
1451 2969 1523 3019 non

471 3062 510 3133 id
541 3061 700 3157 graviter
733 3060 1079 3155 reprehendendum,
1112 3059 1286 3155 quonism
1325 3060 1364 3131 in
1397 3062 1523 3135 eodem

471 3201 553 3251 cum
581 3175 801 3249 admirabilis
829 3176 943 3249 enimi
970 3178 1106 3249 candor
1132 3178 1284 3260 eluceat,
1308 3187 1388 3250 tum
1413 3179 1522 3251 etiam

471 3293 635 3366 doctrine
658 3317 731 3365 non
756 3292 934 3389 vulgaris:
968 3316 1123 3387 cumque
1148 3303 1325 3386 praetcrea
1348 3302 1425 3365 tam
1450 3293 1524 3367 acri

465 3410 603 3505 judicio
631 3420 793 3485 veterum
820 3418 1009 3503 poctarum
1037 3409 1184 3505 ingenia
1217 3408 1457 3502 perpenderit,
1482 3419 1525 3483 ut

470 3528 559 3622 quid
577 3528 734 3601 maxime
751 3528 799 3600 sit
810 3528 985 3622 cujusque
1002 3527 1186 3620 proprium
1204 3525 1357 3599 feliciter
1372 3548 1526 3617 exposu-

471 3646 560 3727 erit;
586 3660 695 3739 atque
711 3644 899 3716 interiores
915 3666 1036 3715 rerum
1053 3666 1179 3717 causas
1196 3664 1268 3715 non
1285 3665 1367 3716 raro
1389 3642 1526 3734 patefe-

471 3761 572 3844 cerit,
589 3784 654 3831 cur
674 3761 754 3831 haec
775 3782 885 3852 quam
907 3759 970 3831 illa
986 3760 1167 3833 delectent
1184 3758 1311 3855 magis,
1328 3767 1366 3831 et
1382 3782 1446 3831 cur
1462 3759 1527 3831 ali·

511 3900 680 3979 'losephus
701 3899 808 3978 Trapp,
829 3897 981 3957 Pmleotor
1006 3900 1132 3959 Poeticoe
1155 3898 1274 3978 primus,
1300 3898 1412 3957 electus
1430 3900 1467 3958 A.
1481 3899 1521 3957 D.

475 4000 562 4075 1708.
603 3999 698 4062 Quem
719 3995 749 4057 in
769 3996 871 4057 eodem
893 4016 1012 4057 munere
1031 3995 1165 4057 obeundo
1185 3994 1275 4057 seomi
1297 4006 1374 4067 suut
1395 3996 1523 4058 Thomas

472 4098 603 4163 Wartou,
619 4094 704 4173 1718.
721 4095 864 4175 Joaephua
880 4094 1003 4173 Spence,
1016 4095 1100 4169 1728.
1114 4094 1263 4153 lohannes
1271 4091 1423 4165 Whitfeld,
1435 4095 1521 4171 1738.

472 4194 618 4253 Robertus
632 4193 747 4263 Lowth,
764 4208 850 4269 1741.
864 4192 1025 4252 Gulielmus
1036 4191 1186 4260 Humidus,
1199 4207 1232 4268 17
1237 4210 1285 4268 5¹·
1298 4192 1428 4249 Thomas
1438 4192 1522 4249 War-

472 4305 533 4361 ton‚
550 4292 635 4367 1761.
656 4288 810 4365 Benjamin
825 4289 968 4356 Wheeler,
985 4288 1070 4365 1766.
1092 4290 1241 4347 lohannes
1256 4287 1421 4366 Randolph,
1434 4289 1520 4365 1776.

471 4390 617 4449 Robertus
632 4388 763 4459 Holmes,
779 4388 866 4466 1783.
879 4388 1005 4447 lacobus
1018 4385 1137 4456 llurdis,
1152 4402 1235 4463 1793.
1254 4384 1403 4445 Eduardus
1416 4386 1522 4465 Cople·

471 4498 546 4556 stou,
562 4486 647 4546 1802.
