3559 5575
974 35 1105 98 448
1712 29 1954 94 PARS
2002 29 2383 94 TERTIA
2514 29 2741 93 Pan.
2772 29 3142 96 XXXV.

972 229 1214 278 rerum
1248 202 1641 274 immiscuit
1664 203 1991 273 turbam!
2029 203 2308 273 Praeter
2331 200 2523 271 enim
2553 203 2848 274 arbores
2893 203 3139 296 ipsas,

974 322 1457 413 spectaculum
1493 319 1570 389 id
1603 318 1893 411 quidem
1932 318 2311 410 multiplex
2347 317 2518 387 satis
2553 328 2628 387 et
2650 319 3140 411 jucundum,

974 459 1193 519 mare,
1228 437 1515 517 bellum,
1548 434 1599 503 J
1599 435 1750 504 ovis
1798 432 2298 525 Apollinisque
2348 433 2657 514 oracula,
2697 433 3018 517 funera,
3056 446 3137 505 et

973 551 1201 622 mellis
1235 553 1606 622 thesauros
1639 548 1867 620 menti
1903 549 2382 641 percurrenda
2421 548 2726 628 obtulit;
2778 572 3133 641 quarum

971 687 1209 735 rerum
1256 676 1338 735 ut
1375 689 1506 735 sua
1551 664 1810 757 cuique
1857 686 1999 732 non
2049 663 2327 732 deesset
2357 661 2616 756 gratia,
2654 664 2874 734 modo
2939 675 3132 756 apte

971 779 1286 872 poemati
1310 781 1834 861 intexerentur,
1860 778 1966 849 ita
1998 801 2117 848 eas
2155 778 2270 848 hic
2304 779 2502 847 nullo
2539 777 2726 848 inter
2756 802 2833 849 se
2874 780 3130 850 socie-

971 895 1144 966 tatis
1163 897 1333 988 jure
1359 895 1732 978 contineri,
1755 917 1895 963 non
1925 893 2139 962 aliam
2169 902 2422 984 sponte
2448 916 2544 962 ex
2578 893 2719 962 alia
2749 895 2969 964 nasci
3011 895 3126 964 fa-

973 1010 1106 1081 cile
1138 1010 1590 1105 intelligitur,
1617 1009 1740 1078 sed
1773 1007 2040 1078 invitas
2073 1007 2280 1100 quasi
2305 1017 2382 1078 et
2405 1017 2687 1077 coactas
2719 1008 2796 1077 in
2832 1010 3119 1080 eodem

973 1126 1328 1196 consortio
1366 1124 1650 1195 versari.

1075 1242 1239 1312 Hoc
1269 1241 1494 1337 igitur
1518 1239 1609 1311 ad
1638 1262 1722 1309 ea
1748 1262 1913 1332 quae
1937 1239 2135 1331 prius
2159 1239 2250 1309 de
2274 1239 2669 1310 Phantasia
2693 1239 2899 1310 «licta
2928 1252 3114 1311 sunt

972 1355 1432 1451 adjungenda
1455 1353 1699 1436 statui,
1726 1376 1818 1422 ne
1842 1352 2028 1423 forte
2054 1353 2212 1445 quis
2248 1364 2457 1445 putet
2481 1355 2729 1423 laxum
2764 1364 3111 1425 tantum-

972 1472 1184 1542 modo
1218 1495 1347 1542 nos
1382 1481 1457 1540 et
1480 1469 1962 1540 errabundum
2000 1468 2365 1562 cogitandi
2398 1491 2625 1562 genus
2656 1469 3109 1560 improbare,

968 1586 1161 1655 unde
1196 1608 1241 1654 a
1274 1584 1635 1677 proposito
1667 1582 1950 1677 longius
1985 1606 2195 1676 aequo
2232 1582 2489 1653 abduci
2524 1583 2705 1653 solet
2740 1585 3104 1676 scriptor:

970 1723 1133 1772 cum
1203 1700 1278 1771 id
1343 1697 1633 1795 gravius
1699 1698 1999 1768 fortasse
2068 1699 2480 1769 habendum
2534 1696 2629 1768 sit
2688 1699 2983 1782 vitium,
3039 1701 3100 1770 si

969 1818 1258 1909 quando
1291 1816 1570 1886 hiulcus
1605 1814 1695 1884 sit
1731 1825 1808 1884 et
1835 1814 2167 1884 clausulis
2201 1813 2525 1885 concisus
2559 1815 3096 1908 cogitationum

971 1932 1167 2015 ordo,
1201 1942 1329 2003 aut
1364 1929 1423 2001 si
1456 1954 1500 2000 a
1533 1929 1713 2000 serie
1746 1928 2047 1998 vixdum
2084 1929 2422 1999 inchoata
2454 1928 2702 1999 statim
2737 1931 2832 2000 ad
2862 1955 3093 2001 novas

970 2048 1381 2120 advolatum
1418 2047 1513 2117 sit
1544 2043 1916 2139 imagineS‚
1951 2068 2047 2114 ex
2080 2043 2313 2114 alieno
2346 2067 2610 2138 genere
2645 2045 2935 2136 petitas.

1071 2163 1213 2234 Sed
1257 2143 1499 2233 monet
1534 2184 1649 2231 me
1694 2159 1972 2252 pridem
2020 2159 2332 2251 suscepti
2382 2158 2615 2251 operis
2668 2183 2952 2245 norma,
3007 2172 3089 2231 ut

970 2278 1238 2372 aliquid
1268 2277 1561 2349 tandem
1588 2276 1678 2346 de
1705 2274 1986 2367 poetico
2010 2273 2137 2366 qui
2166 2285 2464 2345 vocatur
2487 2276 2675 2367 stylo
2699 2278 3086 2367 proferam,

969 2402 1323 2484 quantum
1393 2391 1486 2461 ad
1550 2390 1952 2483 phantasiae
2018 2400 2258 2480 partes
2309 2389 2668 2481 pertinere
2728 2391 3086 2462 videatur.

969 2507 1161 2576 Nam
1216 2508 1307 2577 de
1358 2517 1512 2577 tota
1557 2528 1634 2575 re
1678 2506 1893 2576 latior
1938 2506 2167 2575 multo
2212 2514 2321 2576 est
2362 2504 2710 2588 doctrina,
2745 2529 2968 2600 quam
3003 2516 3081 2575 ut

968 2620 1086 2690 hic
1119 2619 1489 2689 commode
1523 2620 1822 2689 tractari
1855 2619 2078 2711 possit
2104 2628 2235 2690 aut
2259 2619 2519 2715 attingi
2549 2620 2885 2713 quidem:
2923 2631 3080 2691 tum

967 2733 1162 2829 pleni
1195 2742 1365 2805 sunt
1398 2731 1808 2805 criticorum
1843 2732 2008 2804 libri
2046 2735 2450 2828 praeceptiS,
2485 2759 2651 2830 quae
2697 2736 2956 2807 coloris
2998 2734 3080 2804 il-

968 2854 1105 2920 lius
1145 2849 1397 2944 poetici
1437 2850 1669 2940 rapita
1705 2860 1777 2920 et
1814 2850 2046 2920 sontes
2086 2850 2270 2940 ipsos
2306 2851 2578 2940 aperire
2614 2854 2870 2936 solent,
2900 2864 2974 2920 et
3010 2851 3074 2916 in

973 2972 1321 3036 univers&
1357 2968 1685 3036 diminuis
1725 2968 1974 3036 habitu
2018 2968 2470 3036 informando
2518 2968 2902 3058 plurimam
2954 2968 3078 3036 im·

973 3084 1293 3172 pendunt
1333 3106 1597 3148 curam.

1073 3316 1189 3380 Ex
1221 3324 1565 3404 apparatu
1597 3316 1814 3408 igitur
1846 3316 2194 3384 rhetorico
2226 3316 2342 3384 illa]
2370 3316 2558 3384 unde
2590 3316 2910 3384 Ornatus
2942 3316 3074 3384 effi*

969 3428 1153 3496 citur
1225 3432 1473 3516 stylus,
1537 3444 1842 3520 quatuor
1906 3432 2114 3496 modo
2174 3432 2514 3500 sumenda
2574 3432 2774 3512 (11131,
2834 3444 3074 3520 utpote

969 3544 1361 3632 pilam-asim
1401 3544 1745 3632 imprimis
1777 3544 2082 3632 propria„
2114 3544 2414 3636 ideoque
2442 3548 2530 3612 nd
2570 3568 2738 3612 115115
2770 3548 3074 3636 poeticus

969 3660 1361 3748 praesertim
1417 3656 1709 3736 iduma}
1765 3684 1926 3748 quai·
1986 3672 2222 3728 tamen
2282 3684 2418 3728 non
2478 3660 2614 3728 nisi
2670 3660 3074 3728 brevissime

957 3776 1109 3864 jam
1153 3772 1221 3840 iu
1261 3772 1497 3840 auium
1533 3784 1641 3840 est
1677 3772 2586 3868 ‘tructare-—Hypffl-buleffi
2638 3776 2822 3856 dicu,
2858 3768 3078 3844 simi-

969 3884 1373 3968 ffifffsffiuffm,
1417 3888 1974 3980 Mempssflrfm,
2010 3902 2082 3956 et
2122 3888 2586 3984 Epifhetmn.
